2678 4069
245 114 348 164 320
775 101 1461 156 ANNOTATIONES
1489 100 1890 153 EDITORIS

245 249 310 291 Hi
330 248 481 301 igitur
502 248 744 287 auctores
770 246 890 285 sunt
915 242 1068 296 hujus
1089 240 1320 291 rationis,
1344 252 1448 293 qua
1468 240 1521 281 in
1541 239 1775 281 formam
1794 239 1992 281 tabulae
2011 238 2138 280 talia
2158 242 2427 292 praecepta

243 319 458 360 redacta
489 318 622 358 sunt.
652 314 724 356 Cf.
750 311 1121 362 Braunmuehl,
1153 309 1488 354 Gescm‘chte
1522 309 1622 351 der
1645 307 2068 362 Trigonometrie
2101 309 2121 350 Ι
2154 320 2239 362 pp.
2269 308 2352 351 136
2378 311 2429 350 et

242 387 341 430 236.

301 457 431 498 Cum
454 468 484 497 a
504 454 677 496 verbis
687 452 965 507 Tychonis,
983 464 1103 505 quae
1123 463 1283 505 supra
1305 451 1590 501 attulimus,
1607 451 1780 504 ipsum
1796 451 1860 493 de
1875 461 1938 492 eo
1954 450 2212 504 cogitasse
2232 450 2426 503 pateat,

241 531 297 569 ut
322 527 438 568 haec
472 527 740 578 praecepta
771 524 1152 576 triangulorum
1184 522 1577 572 solvendorum,
1607 533 1727 574 quae
1758 521 1881 574 quin
1909 521 2104 563 ultimis
2128 520 2253 562 vitae
2280 520 2428 562 annis

240 598 291 642 2}
322 597 373 637 in
412 594 773 637 observatorio
814 594 923 648 ejus
954 594 1006 635 in
1037 605 1135 635 usu
1168 592 1373 643 fuerint,
1408 603 1514 634 non
1545 594 1718 645 potest
1749 591 1992 642 dubitari,
2025 591 2077 633 in
2110 602 2302 644 magno
2340 591 2428 633 illo

244 667 493 708 »Theatro
516 665 920 714 astronomico«,
938 664 1079 717 quod
1100 663 1256 705 edere
1276 663 1608 716 propositum
1628 663 1876 713 habebat,
1892 662 1944 704 in
1964 663 2139 704 lucem
2153 661 2426 715 proferret,

240 737 372 778 inter
397 736 591 789 scripta
619 736 728 790 ejus
748 736 928 777 locum
948 734 1008 776 iis
1029 734 1286 784 dedimus,
1309 733 1404 775 etsi
1424 744 1530 775 non
1550 733 1662 786 ipsi,
1684 734 1778 775 sed
1793 733 1821 784 J
1826 733 2027 775 oestelio
2049 733 2318 775 debentur.
2343 732 2430 774 Ce-

239 811 411 849 terum
439 806 579 848 aliud
608 817 817 859 quoque
848 804 968 846 inde
1002 805 1204 846 discere
1230 815 1528 857 possumus.
1560 804 1833 846 Rationem
1860 803 2429 857 prosthaphaereticam

240 878 554 919 Wernerum
575 875 870 929 possedisse
880 876 919 916 T
921 875 1062 928 ycho
1077 875 1292 925 sciebat,
1310 878 1360 917 et
1380 876 1684 928 exemplum
1706 875 2100 928 opusculorum,
2118 886 2238 927 quae
2254 886 2299 915 a.
2318 873 2429 915 1522

239 948 460 989 Werner
486 946 737 997 ediderat,
759 946 993 988 nancisci
1021 946 1108 988 diu
1135 945 1368 988 studiose
1394 946 1702 988 intenderat.
1724 945 1961 988 Tandem
1988 945 2054 987 ab
2084 944 2318 999 Hagecio
2346 956 2430 987 ex-

239 1019 474 1071 emplum
501 1017 720 1071 accepit,
743 1017 808 1059 de
836 1028 939 1070 quo
966 1017 1018 1058 in
1046 1017 1267 1070 epistula
1295 1017 1342 1059 d.
1365 1016 1421 1058 25
1450 1029 1519 1058 m.
1538 1015 1566 1066 J
1572 1016 1774 1057 anuarii
1802 1029 1847 1058 a.
1876 1015 1988 1058 1590
2008 1016 2202 1070 gratias
2229 1015 2275 1057 ei
2303 1015 2426 1069 agit;

242 1089 334 1130 sed
361 1088 501 1141 quod
528 1090 849 1141 speraverat,
871 1088 941 1130 ibi
966 1099 1072 1130 non
1098 1087 1307 1129 invenit.
1330 1088 1474 1129 Patet
1499 1087 1651 1140 igitur
1670 1098 1698 1129 e
1720 1087 1904 1129 codice
1932 1099 1977 1128 a.
2005 1086 2118 1128 1599
2144 1086 2356 1139 scripto,
2378 1086 2430 1127 li-

243 1160 398 1202 brum
418 1158 657 1200 Werneri
681 1157 765 1200 De
795 1156 1077 1211 tr1’angul1’s
1097 1155 1403 1211 sphaericis,
1427 1157 1514 1211 qui
1532 1158 1671 1211 typis
1693 1157 1986 1211 descriptus
2005 1169 2112 1200 non
2132 1160 2260 1208 erat,
2282 1169 2430 1199 num-

240 1242 401 1283 quam
423 1230 468 1271 ei
488 1232 674 1271 notum
695 1228 897 1271 factum
919 1240 1048 1280 esse,
1068 1229 1320 1282 quoniam
1340 1228 1475 1271 ratio
1497 1229 1630 1270 illius
1651 1229 1793 1271 sinus
1808 1229 1947 1271 versi
1962 1228 2246 1271 adhibendi
2259 1239 2430 1281 neque

238 1301 290 1342 in
317 1301 419 1343 hoc
447 1299 630 1342 codice
657 1311 826 1353 neque
852 1300 904 1341 in
935 1298 1342 1352 Triangulorum
1372 1298 1541 1342 Praxi
1558 1299 1823 1353 Tychonis
1852 1303 2008 1342 antea
2035 1299 2335 1353 conscripta
2360 1299 2430 1341 in-

237 1371 455 1413 venitur.

296 1443 363 1484 ad
383 1454 430 1495 p.
453 1441 610 1497 298‚19]
638 1441 770 1484 Haec
800 1441 1070 1484 annotatio
1099 1441 1233 1483 sicut
1260 1441 1421 1483 etiam
1447 1441 1550 1492 illa,
1580 1453 1700 1494 quae
1726 1454 1775 1495 p.
1798 1441 1938 1491 302‚19
1964 1441 2240 1493 invenitur,
2268 1441 2429 1495 ipsius

239 1512 502 1566 Tychonis
524 1524 687 1554 manu
707 1512 903 1565 scripta
925 1515 1022 1563 est;
1046 1515 1224 1555 cetera
1243 1523 1372 1554 vero
1393 1523 1500 1554 non
1522 1513 1588 1554 ab
1610 1512 1723 1566 ipso
1745 1512 1941 1565 scripta
1961 1515 2095 1554 sunt.

297 1584 363 1625 ad
384 1595 431 1636 p.
454 1582 573 1633 303„
596 1582 611 1638 ]
638 1583 711 1624 Ex
732 1583 811 1625 his
833 1583 1048 1625 calculis
1069 1583 1270 1636 primos
1291 1586 1499 1625 tantum
1519 1583 1604 1626 hic
1625 1583 1929 1636 praebemus
1949 1583 2309 1639 (»processum
2331 1584 2429 1636 pri-

237 1666 385 1696 mum
406 1665 498 1707 per
517 1653 834 1707 triangulum
855 1654 1033 1709 BCF«)‚
1051 1657 1108 1695 ut
1127 1653 1389 1695 rationem
1410 1665 1597 1696 eorum
1614 1654 1778 1696 oculis
1793 1653 2133 1696 subiciamus.
2151 1654 2322 1696 Facile
2336 1665 2428 1696 eos

236 1725 507 1778 intelleget,
525 1724 611 1777 qui
632 1735 756 1766 cum
777 1724 1016 1766 formulis
1037 1736 1198 1777 supra
1218 1725 1474 1775 indicatis,
1493 1725 1560 1767 ad
1574 1728 1771 1767 nostrae
1787 1725 1958 1767 aetatis
1974 1725 2197 1767 modum
2211 1725 2429 1767 notandi

237 1795 673 1845 accommodatis,
697 1806 788 1837 eos
814 1795 1163 1848 comparabit.
1187 1789 1485 1848 Sequuntur
1511 1796 1698 1837 deinde
1724 1806 2005 1849 processus
2026 1796 2071 1836 II
2092 1808 2186 1849 per
2205 1796 2429 1850 triangu-

235 1867 345 1907 lum
366 1866 495 1916 ECF,
514 1866 582 1906 III
604 1877 697 1919 per
717 1865 846 1916 BFE,
865 1866 934 1908 IV
948 1877 1042 1919 per
1056 1866 1196 1917 DFE,
1213 1867 1306 1908 sed
1327 1867 1704 1909 collocationes
1720 1866 1748 1917 J
1753 1866 1866 1908 ovis
1887 1866 2006 1908 inde
2026 1866 2255 1909 inventae
2276 1877 2428 1920 prop-

234 1940 314 1978 ter
342 1948 559 1990 gravem
589 1947 825 1978 errorem
850 1936 946 1987 50¹,
971 1949 1129 1990 quem
1155 1937 1208 1978 in
1234 1937 1480 1980 distantia
1506 1937 1581 1978 EF
1607 1937 1889 1980 indicanda
1911 1937 2177 1980 Fabricius
2199 1937 2426 1987 admisit,

236 2018 359 2048 cum
379 2007 511 2048 inter
531 2018 602 2057 se,
623 2010 738 2048 tum
759 2007 825 2049 ab
846 2007 922 2057 iis,
946 2019 1066 2060 quae
1088 2019 1115 2049 e
1137 2008 1157 2048 I
1179 2011 1230 2049 et
1249 2007 1295 2049 V
1314 2008 1427 2063 (per
1453 2007 1595 2064 BFD)
1616 2009 1844 2050 inventae
1864 2011 1999 2059 sunt,
2022 2008 2310 2061 plurimum
2331 2008 2428 2050 dis-

235 2080 465 2130 crepant.
498 2078 733 2131 Denique
760 2079 994 2131 sequitur
1018 2078 1186 2132 figura
1214 2079 1260 2120 ei
1287 2078 1590 2129 consimilis,
1623 2091 1785 2132 quam
1815 2091 1861 2132 p.
1886 2078 1972 2121 302
2002 2079 2345 2132 praebuimus,
2378 2082 2428 2121 et

235 2148 421 2190 calculi
441 2159 656 2201 prorsus
676 2148 871 2191 similes
894 2149 1327 2191 observationum
1348 2150 1396 2192 d.
1409 2149 1466 2191 28
1482 2162 1551 2191 m.
1567 2150 1878 2192 Decembris
1892 2150 2016 2205 (foll.
2031 2149 2279 2206 21r—261);
2304 2161 2428 2203 quo-

234 2230 353 2259 rum
373 2230 644 2261 summam
664 2219 796 2261 inter
818 2220 1214 2262 observationes
1237 2221 1358 2262 anni
1383 2220 1494 2262 1598
1514 2220 1887 2273 praebebimus.

1124 2492 1534 2535 ADDENDUM.

298 2573 405 2606 Nota
425 2573 452 2615 ἦ·
474 2572 516 2606 in
537 2572 724 2618 margine
745 2573 935 2608 interiore
957 2574 1150 2609 editionis
1173 2576 1225 2609 ad
1245 2576 1322 2610 has
1344 2575 1634 2610 annotationes
1655 2576 1827 2611 lectores
1849 2575 2092 2615 reiciuntur;
2120 2575 2186 2610 his
2206 2578 2347 2610 tamen
2368 2576 2425 2610 lo-

241 2630 311 2670 cis,
335 2630 433 2675 quia
455 2642 545 2665 sero
567 2631 734 2666 inventa
755 2635 862 2671 sunt,
884 2643 977 2677 quae
999 2633 1189 2668 annotari
1212 2634 1428 2674 debebant,
1451 2635 1564 2669 deest
1586 2634 1656 2669 illa
1678 2638 1791 2669 nota:
1814 2646 1878 2679 pp.
1900 2636 1986 2674 6,22;
2007 2635 2093 2674 9,22;
2119 2635 2294 2674 16,2o-21;
2320 2635 2425 2674 19,24;

238 2689 347 2728 27‚27;
368 2690 477 2728 31,11;
499 2690 608 2729 3l,16;
629 2691 720 2729 61‚⁶;
742 2692 844 2730 62³4.
