2678 4069
247 178 412 229 XXX
782 163 1443 218 PROLEGOMENA
1471 159 1874 212 EDITORIS

247 316 348 366 jam
381 312 532 352 docet
560 303 1004 352 ARISTOTELES,
1037 301 1305 355 sphaeram
1339 299 1474 342 aeris
1506 299 1655 353 ignea
1688 297 1898 351 sphaera
1929 296 2263 346 circumdari,
2294 307 2418 338 eum

245 381 479 436 rejecisse
501 379 586 419 vix
608 387 737 428 opus
758 377 834 415 est
856 381 1300 420 commemorare;
1324 369 1580 432 aetherem
1595 379 1739 419 vero,
1756 367 1843 421 qui
1862 368 1914 409 in
1934 367 2104 421 spatio
2125 366 2243 409 caeli
2263 369 2416 417 esset,

246 452 307 493 ab
330 453 449 491 aere
470 450 617 500 longe
639 445 847 487 differre
869 441 1216 484 existimabat.

300 519 449 570 Quod
475 517 623 570 igitur
642 514 820 567 Tycho
848 513 1117 554 stellarum
1144 510 1373 552 fixarum
1400 510 1566 551 multo
1589 508 1762 550 minus
1783 520 1945 561 quam
1965 507 2099 550 Solis
2120 506 2417 549 altitudines

245 588 549 631 refractione
575 583 841 626 immutari
867 581 1216 631 existimabat,
1244 592 1350 622 non
1371 579 1826 622 observationibus
1853 579 1964 633 ejus
1991 578 2296 628 debebatur,
2325 577 2419 619 sed

242 660 356 701 inde
376 657 548 705 fiebat,
573 655 710 708 quod
733 654 956 695 eandem
976 651 1268 705 parallaxin
1288 651 1527 693 Solarem
1548 662 1710 703 quam
1730 652 1935 692 veteres
1956 648 2241 702 recipiebat
2262 651 2418 701 atque

239 742 299 771 ea
317 730 379 769 de
395 738 554 769 causa
570 737 682 767 rem
698 724 868 765 minus
884 725 1131 764 accurate
1146 721 1454 774 inquirebat.
1472 720 1759 763 Definierat
1773 720 1887 774 Jam
1909 718 2320 762 HIPPARCHUS
2337 719 2420 760 de-

238 798 402 851 liquiis
424 795 715 838 Lunaribus
736 805 861 835 usus
882 804 1151 835 summam
1171 792 1521 845 parallaxium
1542 791 1675 833 Solis
1706 791 1991 843 Lunaeque,
2019 791 2158 833 unde
2185 789 2419 832 adhibita

239 868 436 909 ratione
466 865 829 908 distantiarum
859 864 1024 905 Lunae
1055 874 1117 904 ac
1148 862 1281 904 Solis
1302 862 1368 904 ab
1395 861 1809 904 ARISTARCHO
1836 864 2043 915 reperta
2068 860 2227 916 (1:19)
2252 861 2420 914 paral-

237 939 366 980 laxis
399 937 529 978 Solis
563 934 801 988 apparuit
830 945 944 976 esse
974 945 1126 987 paene
1155 933 1220 975 3⁴.
1256 932 1436 985 Neque
1467 935 1648 975 tamen
1681 931 2049 986 Hipparchum
2081 931 2244 982 latuit,
2278 931 2418 973 hunc

236 1009 395 1050 finem
420 1010 625 1048 tantum
652 1016 766 1047 esse
793 1004 1134 1058 superiorem,
1158 1015 1220 1046 ac
1243 1003 1592 1057 quaestionem
1612 1015 1669 1045 re
1689 1015 1818 1046 vera
1839 1002 1973 1045 solvi
1993 1014 2099 1045 non
2118 1013 2296 1056 posse;
2325 1013 2421 1044 sae-

235 1079 348 1132 pius
379 1081 555 1119 autem
585 1079 805 1118 conatus
836 1086 950 1117 esse
977 1074 1182 1116 videtur
1210 1074 1343 1117 Solis
1373 1074 1677 1116 distantiam
1697 1074 1931 1125 definire,
1952 1073 2092 1115 unde
2112 1075 2321 1126 reperta
2342 1075 2421 1115 est

235 1149 514 1202 parallaxis
543 1147 651 1189 fere
685 1147 793 1192 1321
823 1146 924 1187 Sed
953 1148 1072 1199 post
1101 1146 1173 1187 PT
1178 1145 1466 1187 OLEMAEI
1496 1148 1712 1188 aetatem
1742 1156 1900 1186 nemo
1927 1144 2122 1187 intente
2148 1144 2421 1186 studuerat

235 1219 523 1273 parallaxin
543 1218 570 1259 2
584 1220 594 1236 ¹
609 1218 660 1259 51
676 1219 716 1268 ”,
740 1229 901 1270 quam
922 1217 1005 1258 ille
1027 1216 1335 1270 accipiebat,
1359 1215 1634 1270 corrigere.
1653 1215 1835 1269 Itaque
1857 1215 2150 1257 Mercurius
2166 1214 2418 1265 etVenus‚

235 1290 319 1343 qui
341 1289 519 1331 orbitis
541 1287 829 1330 minoribus
851 1299 1012 1341 quam
1027 1287 1159 1329 Solis
1176 1286 1346 1329 orbita
1361 1287 1504 1329 circa
1514 1287 1732 1328 Terram
1747 1286 1952 1329 moveri
1967 1285 2418 1335 existimabantur,

234 1361 528 1414 parallaxes
555 1359 821 1412 aliquanto
849 1358 1078 1412 majores
1105 1357 1352 1400 exhibere
1380 1357 1692 1408 debuerunt3
1727 1368 1830 1410 quo
1861 1356 2087 1399 fortasse
2116 1358 2420 1398 commotus

235 1431 345 1472 IBN
361 1431 387 1481 J
394 1430 549 1473 UNIS
571 1430 702 1472 Solis
723 1429 1016 1482 parallaxin
1035 1429 1062 1470 2
1076 1431 1086 1447 ¹
1103 1440 1199 1482 pro
1221 1428 1247 1470 3
1261 1431 1271 1447 ¹
1286 1428 1585 1478 aestimavit,
1603 1439 1932 1481 quamquam
1952 1428 2152 1469 nullam
2171 1426 2326 1481 hujus
2347 1425 2422 1468 rei

235 1513 453 1544 causam
475 1500 642 1542 affert.
662 1500 864 1541 GEBER
887 1503 1065 1542 autem
1085 1501 1429 1542 Ptolemaeum
1444 1499 1774 1552 vituperavit,
1792 1498 1933 1552 quod
1953 1499 2287 1552 planetarum
2307 1508 2421 1551 par-

235 1572 426 1614 allaxin
447 1571 693 1625 cognosci
713 1582 818 1613 non
838 1583 992 1624 posse
1015 1571 1242 1621 dixisset,
1260 1573 1310 1612 et
1319 1570 1578 1612 Venerem
1597 1570 2040 1622 Mercuriumque,
2057 1568 2100 1610 si
2114 1569 2217 1611 hoc
2233 1579 2421 1610 verum

235 1646 386 1694 esset,
408 1642 608 1696 longius
636 1654 796 1695 quam
823 1642 1000 1684 Solem
1027 1641 1220 1683 distare
1247 1652 1370 1683 eum
1391 1640 1693 1683 existimare
1714 1640 1957 1682 debuisse
1978 1640 2143 1682 dixit2.
2168 1639 2245 1681 Ne
2266 1650 2421 1681 cona-

233 1718 316 1756 tus
338 1713 548 1766 quidem
570 1716 647 1755 est
669 1712 1070 1755 COPERNICUS
1091 1712 1236 1754 illam
1256 1711 1550 1765 parallaxin
1571 1711 1803 1762 definire,
1822 1711 2066 1764 quamvis
2087 1710 2263 1765 magni
2283 1713 2421 1752 esset

235 1784 508 1833 momenti;
533 1783 764 1825 mediam
785 1783 1077 1836 parallaxin
1097 1783 1123 1824 3
1137 1785 1147 1801 ⁴
1166 1783 1239 1833 1⁰,
1257 1782 1389 1824 Solis
1403 1793 1531 1824 vero
1548 1782 1851 1824 distantiam
1868 1782 2101 1824 mediam
2120 1781 2231 1823 1142
2244 1781 2419 1823 Terrae

234 1855 391 1897 radiis
418 1854 731 1896 aestimabat.
756 1854 856 1896 Sed
884 1854 1050 1908 magis
1078 1856 1155 1895 est
1183 1853 1501 1903 mirandum,
1525 1853 1665 1906 quod
1693 1853 1854 1895 etiam
1874 1852 2101 1895 TYCHO
2129 1864 2224 1906 per
2248 1855 2420 1894 totum

233 1926 355 1968 vitae
383 1929 590 1978 tempus
619 1925 831 1978 antiquo
858 1925 943 1967 illo
971 1935 1193 1966 numero
1221 1923 1481 1974 utebatur,
1504 1935 1673 1977 neque
1700 1936 1959 1977 umquam
1986 1935 2110 1966 eum
2136 1923 2309 1965 denuo
2338 1922 2421 1964 de-

233 1996 381 2038 finire
403 1998 623 2037 conatus
645 1998 736 2045 est,
755 2007 1080 2048 quamquam
1103 2006 1303 2045 eorum,
1322 2006 1441 2047 quae
1461 1995 1654 2036 tradita
1676 1997 1841 2045 erant,
1858 1994 1984 2036 nihil
2004 2005 2264 2047 umquam
2280 1993 2420 2035 aliud

233 2078 420 2108 verum
440 2065 685 2115 habebat,
709 2066 805 2108 nisi
824 2066 935 2119 ipse
956 2065 1375 2119 experimentum
1397 2065 1610 2107 fecerat.

295 2136 464 2178 Nihilo
495 2136 666 2177 minus
691 2136 926 2189 Tychoni
954 2136 1149 2190 optime
1177 2136 1477 2185 constabat,
1505 2135 1801 2189 parallaxin
1829 2134 2207 2177 Ptolemaicam
2239 2134 2421 2177 funda-

236 2210 412 2249 mento
440 2217 654 2260 prorsus
674 2207 874 2248 incerto
895 2207 1004 2257 niti;
1028 2207 1169 2248 venit
1189 2217 1316 2248 vero
1337 2210 1561 2259 tempus,
1585 2217 1709 2248 cum
1729 2206 1890 2259 ipsius
1912 2205 2310 2248 observationes
2331 2205 2422 2247 fal-

237 2289 352 2318 sam
391 2289 511 2319 eam
550 2288 664 2319 esse
703 2277 981 2319 manifesto
1016 2278 1368 2319 ostenderunt.
1404 2277 1553 2319 Initio
1593 2277 1733 2319 enim
1767 2276 1889 2319 anni
1925 2275 2036 2318 1590
2067 2276 2261 2326 Venus,
2296 2288 2420 2318 cum

236 2347 439 2400 vesperi
459 2348 744 2401 conspicua
765 2351 916 2398 esset,
934 2348 1321 2402 diligentissime
1343 2350 1392 2389 et
1414 2360 1575 2401 quam
1597 2347 1888 2401 saepissime
1911 2347 2194 2389 observata
2215 2350 2308 2398 est,
2325 2346 2422 2389 fre-

237 2421 453 2471 quenter
479 2418 637 2460 etiam
665 2418 730 2459 ab
757 2419 870 2472 ipso
891 2418 1155 2471 Tychone.
1180 2422 1335 2472 atque
1362 2418 1481 2461 inde
1510 2431 1540 2460 a
1568 2418 1650 2460 die
1670 2417 1727 2460 28
1748 2417 1944 2460 mensis
1973 2417 2239 2460 Februarii
2259 2417 2420 2460 etiam

237 2501 267 2530 a
293 2489 463 2541 prima
489 2488 621 2530 hora
647 2492 766 2542 post
793 2489 1081 2531 meridiem.
1105 2490 1184 2531 Ad
1212 2489 1352 2531 diem
1372 2489 1398 2531 3
1422 2489 1611 2540 Martii,
1634 2492 1838 2542 septem
1860 2489 2043 2531 diebus
2063 2491 2349 2542 postquam
2368 2487 2421 2530 in

237 2559 470 2600 maxima
486 2559 811 2613 elongatione
828 2572 859 2601 a
873 2560 991 2602 Sole
1001 2560 1178 2602 Venus
1199 2560 1384 2610 fuerat,
1402 2560 1453 2602 in
1473 2559 1605 2601 libro
1628 2559 2061 2601 observationum
2080 2558 2242 2613 ipsius
2257 2571 2420 2600 manu

236 2629 351 2671 haec
380 2629 573 2682 scripta
599 2630 913 2672 invenimus:
941 2631 1086 2673 »Ν.Β.
1110 2632 1213 2685 Ego
1235 2631 1432 2673 contuli
1451 2630 1732 2672 transitum
1762 2631 1798 2684 ῼ
1828 2641 1922 2683 per
1942 2629 2294 2672 meridianum
2313 2642 2420 2671 una

237 2711 358 2742 cum
380 2700 724 2742 declinatione
746 2700 855 2754 ejus
874 2704 998 2743 tunc
1020 2713 1144 2744 curn
1164 2701 1512 2744 declinatione
1527 2701 1677 2755 juxta
1691 2700 1748 2743 90
1762 2700 2000 2755 gradum,
2018 2700 2230 2754 quando
2252 2701 2420 2742 eleva-

237 2770 389 2812 batur
416 2771 563 2823 quasi
592 2770 826 2824 partibus
846 2771 917 2822 20,
942 2775 991 2814 et
1011 2771 1287 2825 utrobique
1307 2771 1481 2814 inveni
1512 2772 1546 2826 Q
1578 2771 1984 2814 declinationem
2005 2771 2419 2825 correspondere

237 2841 511 2883 mutationi
537 2841 646 2895 ejus
668 2842 733 2883 ab
755 2853 860 2884 uno
882 2842 1098 2884 meridie
1118 2842 1169 2884 in
1192 2844 1431 2893 alterum,
1454 2842 1526 2884 ita
1546 2845 1602 2884 ut
1621 2841 1906 2896 parallaxis
1927 2841 1991 2884 sit
2011 2853 2228 2895 prorsus
2254 2841 2420 2883 insen-

298 2971 307 2993 ¹
331 2970 452 3014 Synt.
470 2971 521 3005 IV
536 2972 557 3005 8
578 2971 661 3005 etV
680 2972 715 3005 ll
742 2971 822 3015 (pp.
839 2973 906 3006 327
920 2975 957 3007 et
972 2973 1040 3007 402
1063 2972 1274 3018 Heiberg).
1297 2973 1355 3008 Cf.
1373 2973 1594 3012 DREYER,
1615 2973 1793 3017 H1'story
1813 2973 1863 3007 of
1877 2973 1944 3006 the
1965 2973 2193 3017 Planetary
2213 2972 2418 3016 Systems

237 3040 273 3071 p.
294 3029 373 3067 183;
397 3030 666 3065 HULTSCH.
689 3031 883 3065 Berichte
904 3032 977 3065 det
994 3033 1088 3066 ko'n.
1103 3032 1254 3067 Sachs.
1273 3031 1369 3067 Ges.
1386 3033 1460 3066 det
1477 3032 1740 3066 WiSsensch.
1765 3031 1833 3065 LII
1855 3042 1892 3075 p.
1912 3031 1987 3065 169.

296 3087 310 3110 ²
334 3087 426 3121 Hoc
447 3087 595 3122 Geberi
617 3088 771 3123 dictum
791 3089 981 3133 Tychoni
1009 3094 1153 3125 notum
1182 3101 1273 3125 esse
1295 3089 1447 3130 debuit,
1469 3089 1670 3135 quoniam
1691 3089 1734 3124 in
1755 3089 1861 3125 libro
1881 3088 1972 3133 ejus
1993 3092 2130 3129 exstat,
2151 3099 2275 3134 quem
2297 3087 2417 3123 inter-

238 3147 416 3187 pretatus
443 3148 503 3179 est
531 3146 815 3182 GERARDUS
847 3148 1154 3187 Cremonensis,
1181 3148 1308 3183 edidit
1333 3159 1430 3184 vero
1457 3148 1691 3183 APIANUS
1724 3147 2008 3193 Norimbergae
2036 3158 2069 3182 a.
2095 3148 2183 3182 1534
2209 3157 2295 3181 una
2322 3157 2417 3182 cum

239 3203 516 3239 Instrumento
532 3205 659 3249 primi
678 3206 846 3240 mobilis
869 3206 963 3247 (vid.
981 3207 1091 3242 Praef.
1108 3207 1175 3242 fol.
1191 3218 1215 3242 a
1229 3208 1251 3242 3
1271 3210 1308 3243 et
1328 3207 1397 3242 lib.
1413 3207 1485 3242 VII
1503 3217 1539 3250 p.
1560 3207 1652 3248 104).
