2678 4069
213 111 304 160 310
743 99 1428 153 ANNOTATIONES
1457 97 1858 150 EDITORIS

213 248 307 288 bus
327 244 498 286 verbis
531 244 710 283 narrat
735 239 915 293 Tycho
942 238 1230 291 Progymn.
1262 238 1281 278 I
1309 249 1356 290 p.
1379 237 1480 279 298.
1503 237 1855 279 Annotatione
1880 237 2001 279 huic
2030 237 2175 290 operi
2202 237 2396 287 addita,

212 317 276 357 ab
300 314 409 356 aliis
430 325 549 355 eam
565 312 677 365 jam
699 313 854 352 antea
876 309 1305 350 animadversam
1327 319 1441 350 esse
1462 307 2023 349 commemorabimus,

270 385 335 426 ad
356 397 402 437 p.
430 381 623 436 16920—-21]
645 380 709 423 cf.
732 380 873 422 IOSV.
902 379 1008 429 10‚12
1027 391 1162 432 sqq.;
1185 377 1375 420 Matth.
1399 378 1509 428 27‚45
1530 381 1627 420 cet.

268 455 333 496 ad
355 466 401 506 p.
430 452 551 507 l7‚10]
580 451 781 501 Plinius,
812 449 950 492 Hist.
983 450 1089 492 nat.
1119 450 1164 491 II
1194 449 1304 500 269⁵
1333 448 1431 504 (ed.
1465 448 1741 499 Milichius,
1773 448 2012 490 Francos.
2049 448 2192 503 1543).
2230 447 2397 503 HuJus

208 526 370 568 stellae
391 533 547 565 nemo
568 525 827 575 praeterea
849 521 1186 574 antiquorum
1207 520 1530 562 mentionem
1552 519 1697 569 facit;
1720 519 1977 573 imprimis
1992 530 2120 561 vero
2136 530 2397 561 memora-

208 597 306 638 bile
327 598 418 644 est,
442 593 582 646 quod
603 603 667 634 ne
682 593 994 634 Ptolemaeus
1017 591 1228 644 quidem
1250 591 1314 632 de
1336 602 1399 632 ea
1416 590 1581 632 verba
1596 589 1735 631 facit.
1760 591 1796 631 E
1810 590 1984 632 verbis
1999 589 2139 631 Plinii
2157 589 2397 643 »ejusque

208 669 354 707 motu
385 665 451 707 ad
478 663 858 706 dubitationem
889 665 966 704 est
996 662 1280 704 adductus«
1311 661 1628 703 concludere
1653 661 1788 711 licet,
1816 671 1922 702 non
1948 661 2155 702 stellam
2181 671 2395 711 novam,

206 736 297 778 sed
330 738 598 777 cometam
631 733 802 776 fuisse.
839 733 955 775 Hoc
987 744 1195 786 quoque
1226 733 1442 785 quidam
1473 732 1670 785 opinati
1700 735 1835 782 sunt,
1869 732 2076 773 stellam
2106 731 2398 784 Hipparchi

206 806 429 849 eandem
457 805 629 855 fuisse,
659 817 820 858 quam
848 804 1063 845 annales
1084 803 1329 845 Sinarum
1357 814 1537 845 mense
1554 802 1707 852 Junio
1728 803 1811 844 vel
1828 802 1963 853 Julio
1992 802 2114 844 anni
2135 805 2255 844 ante
2277 802 2394 844 Chr.

210 877 289 919 134
314 877 544 918 »stellam
565 875 1066 917 extraordinariam«
1092 874 1398 928 apparuisse
1418 874 1630 915 tradant
1648 873 1770 929 (vid.
1785 873 1898 915 Biot
1915 872 1966 914 in
1984 871 2397 915 Connaissance

205 947 305 989 des
322 948 498 999 temps
518 946 643 996 1846,
666 958 713 999 p.
731 946 807 995 613
831 946 1104 996 Williams‚
1131 943 1525 988 Observations
1540 942 1831 986 ofComets
1846 943 2127 986 extracted
2146 942 2280 986 from
2308 943 2396 986 the

208 1017 445 1060 Chiflese
465 1015 682 1058 Annals
702 1029 749 1070 p.
773 1016 832 1072 6).
861 1018 1120 1059 Praeterea
1148 1028 1330 1058 »avem
1357 1016 1636 1069 ignotam«,
1666 1027 1828 1068 quam
1854 1015 1987 1057 inter
2012 1014 2248 1069 prodigia
2276 1015 2398 1056 anni

208 1090 288 1131 133
316 1092 435 1131 ante
463 1088 578 1129 Chr.
608 1089 672 1142 (P.
698 1088 874 1130 Mucio
898 1088 953 1129 L.
977 1088 1158 1129 Pisone
1179 1087 1335 1141 coss.)
1362 1087 1544 1128 Romae
1572 1085 1879 1139 apparuisse
1905 1089 2086 1128 narrat
2109 1085 2273 1136 Julius
2297 1086 2398 1128 Ob-

202 1171 439 1213 sequens,
462 1160 687 1212 scriptor
701 1163 857 1201 aetate
873 1159 1038 1200 multo
1054 1158 1328 1211 posterior,
1353 1156 1644 1210 Hipparchi
1658 1157 1865 1199 stellam
1880 1169 1994 1199 esse
2009 1157 2256 1211 potuisse,
2278 1158 2398 1200 inde

203 1231 429 1284 probare
451 1233 671 1272 conatus
693 1234 770 1272 est
790 1230 847 1271 A.
872 1230 1027 1271 Faust
1046 1228 1221 1284 (Neue
1233 1227 1417 1283 Jahrb.
1441 1226 1473 1269 f.
1498 1226 1691 1269 Philol.
1720 1239 1765 1269 u.
1790 1227 1992 1281 Padag.
2018 1228 2221 1270 CXLIII
2247 1228 2397 1285 [1891]

202 1314 249 1355 p.
273 1302 328 1343 65
349 1314 447 1354 sq.;
471 1301 536 1343 cf.
562 1298 1116 1354 VierteIJahrsschrit‘t
1133 1299 1233 1341 der
1249 1299 1448 1341 astron.
1473 1297 1852 1342 Gesellschaft
1880 1299 2021 1341 XXV
2041 1311 2089 1353 p.
2111 1299 2232 1355 312),
2256 1300 2397 1352 quod

203 1373 506 1415 Luciferum
537 1372 726 1414 Ennius
755 1372 915 1427 (apud
946 1372 1254 1413 Ciceronem
1281 1370 1348 1412 de
1377 1369 1541 1412 diviti.
1572 1371 1591 1412 I
1623 1370 1723 1425 108)
1757 1372 1933 1424 »longe
1961 1370 2398 1424 pulcherrumam

202 1447 490 1497 praepetem
513 1455 694 1485 avem«
719 1447 887 1485 vocet.
913 1442 1029 1485 Hoc
1050 1443 1272 1495 denique
1287 1442 1618 1496 propositum
1634 1445 1726 1492 est,
1748 1441 1913 1483 verbo
1934 1444 2161 1483 »motus«
2179 1441 2396 1483 Plinium

201 1518 434 1557 utentem
455 1515 631 1557 lumen
652 1515 815 1556 stellae
837 1514 1031 1556 sensim
1052 1513 1280 1563 varians,
1310 1514 1451 1566 quod
1475 1513 1526 1554 in
1546 1513 1705 1555 stellis
1724 1512 2059 1566 temporariis
2079 1524 2290 1566 semper
2310 1512 2397 1554 ob-

202 1589 456 1636 servatur,
479 1586 772 1640 significare
792 1585 1034 1627 voluisse.
1058 1584 1159 1626 Sed
1179 1584 1282 1626 hoc
1305 1584 1517 1637 quidem
1539 1584 1753 1637 probari
1768 1595 1873 1626 non
1888 1587 2074 1637 potest.
2092 1609 2148 1613 —
2162 1583 2242 1625 Ad
2256 1583 2395 1625 hanc

202 1658 406 1699 stellam
426 1657 606 1711 Tycho
628 1656 906 1699 revertitur
925 1655 1214 1709 Progymn.
1239 1656 1258 1697 I
1281 1668 1329 1709 p.
1352 1655 1452 1697 319.

261 1729 328 1770 ad
349 1740 396 1781 p.
424 1727 546 1784 19,24]
568 1728 700 1770 Sistit
721 1740 918 1781 aquam
941 1760 950 1768 .
971 1760 979 1768 .
1001 1760 1008 1768 .
1033 1727 1098 1769 cf.
1116 1727 1303 1780 Vergil.
1328 1726 1448 1768 AEn.
1474 1726 1542 1768 IV
1563 1726 1664 1768 589.

261 1800 327 1841 ad
348 1811 395 1852 p.
418 1799 545 1855 27,27]
568 1799 632 1840 cf.
656 1799 857 1849 Plinius,
880 1797 1018 1840 Hist.
1042 1799 1148 1840 nat.
1173 1798 1217 1839 II
1239 1798 1317 1842 3...

261 1871 327 1911 ad
349 1882 395 1923 p.
419 1869 546 1925 28,31]
573 1871 667 1911 Pro
694 1870 914 1911 »centies
935 1869 1231 1922 quinquies«
1257 1869 1414 1911 scribi
1436 1868 1613 1911 debuit
1638 1868 1858 1910 »centies
1878 1868 2114 1921 septies«,
2144 1879 2268 1910 cum
2292 1868 2398 1910 dia-

202 1941 353 1982 metri
373 1941 581 1982 illarum
601 1942 872 1983 stellarum
894 1940 1129 1994 partibus
1146 1940 1192 1986 4³}
1216 1941 1445 1995 majores
1461 1952 1623 1993 quam
1639 1940 1896 1981 diameter
1908 1939 2085 1981 Terrae
2101 1950 2215 1981 esse
2230 1938 2397 1981 existi-

201 2015 486 2062 marentur,
515 2016 570 2053 ut
592 2012 746 2054 docet
766 2011 1079 2065 Alfraganus
1100 2010 1272 2052 Elem.
1297 2011 1423 2053 astr.
1448 2023 1563 2065 cap.
1587 2011 1727 2052 XXII
1754 2011 1852 2066 (ed.
1878 2010 2057 2053 Golius
2078 2022 2125 2064 p.
2150 2009 2227 2061 84;
2251 2021 2314 2053 ac
2336 2010 2397 2052 si-

201 2083 390 2124 militer
403 2083 453 2124 in
468 2083 692 2125 editione
706 2083 1069 2136 Norimbergae
1083 2095 1128 2124 a.
1148 2082 1258 2124 1537
1273 2082 1499 2137 emissa).
1516 2082 1669 2124 Abu’l
1682 2081 1828 2136 Faraj
1845 2085 2024 2123 autem
2036 2081 2396 2124 maximarum

200 2154 470 2195 stellarum
497 2154 694 2195 molem
721 2153 969 2207 nonagies
995 2156 1075 2195 ter
1102 2154 1361 2208 majorem
1389 2165 1502 2195 esse
1530 2165 1692 2206 quam
1711 2152 1887 2195 Terrae
1910 2154 2107 2195 molem
2129 2153 2396 2195 contendit

199 2222 296 2278 (Le
316 2222 452 2264 IIvre
475 2224 541 2265 de
561 2223 894 2266 I'ascension
917 2224 985 2265 de
1005 2222 1217 2277 l’espr1‘t
1235 2234 1334 2265 sur
1353 2224 1407 2266 Ia
1428 2223 1599 2266 forme
1621 2224 1693 2265 du
1714 2222 1820 2265 01'e1
1841 2224 1897 2265 et
1915 2223 1982 2265 de
1996 2223 2050 2265 la
2069 2224 2221 2275 terre,
2245 2224 2324 2266 ed.
2342 2223 2391 2265 F.

202 2294 334 2345 Nau,
348 2295 501 2337 Paris.
521 2295 646 2345 1900,
662 2295 705 2336 II
718 2307 765 2348 p.
785 2295 898 2350 199).
918 2295 1016 2337 Hic
1029 2307 1156 2337 vero
1168 2295 1206 2336 T
1208 2295 1432 2348 ychonis
1443 2299 1683 2348 tempore
1695 2295 1747 2336 in
1759 2296 1967 2348 Europa
1979 2298 2134 2337 notus
2146 2306 2251 2337 non
2264 2298 2391 2337 erat.

262 2366 328 2406 ad
349 2377 396 2418 p.
418 2366 545 2421 31,11]
567 2366 631 2407 cf.
656 2366 859 2419 Ioseph.
876 2365 1001 2407 Ant.
1019 2366 1131 2408 Iud.
1155 2367 1223 2408 XI
1246 2368 1304 2417 7,1
1327 2367 1393 2421 (p.
1417 2366 1503 2408 298
1523 2378 1598 2419 sq.
1624 2366 1810 2422 Niese),
1833 2366 1922 2408 ubi
1941 2369 2122 2408 tamen
2143 2365 2306 2408 frater
2326 2366 2392 2409 ab

202 2436 433 2478 Iohanne
455 2437 660 2479 occisus
681 2448 794 2479 esse
815 2440 1073 2479 narratur.

261 2507 328 2547 ad
349 2518 396 2559 p.
419 2507 544 2562 31,16]
579 2507 656 2549 De
678 2508 873 2549 Bileam
895 2508 959 2549 cf.
982 2507 1143 2549 Num.
1166 2508 1290 2559 24,17.

262 2578 329 2618 ad
349 2589 397 2630 p.
419 2577 544 2633 3l,27]
577 2578 808 2632 Trigonis
836 2580 1060 2620 multum
1085 2579 1385 2621 tribuebant
1410 2579 1619 2620 illorum
1648 2582 1952 2632 temporum
1983 2579 2245 2633 astrologi.
2273 2578 2393 2620 Tria

203 2648 419 2700 quisque
438 2648 670 2702 trigonus
691 2649 835 2703 signa
857 2650 1068 2691 Zodiaci
1094 2651 1561 2703 complectebatur,
1591 2662 1709 2703 quae
1738 2650 1844 2691 120Ο
1866 2650 2005 2692 aliud
2027 2650 2093 2692 ab
2117 2651 2218 2692 alio
2240 2650 2394 2693 dista-

203 2719 343 2769 bant,
376 2729 438 2760 ac
469 2730 564 2761 suo
593 2720 810 2772 quisque
837 2731 864 2762 0
892 2724 1139 2773 quattuor
1169 2721 1437 2763 elementis
1464 2721 1831 2773 respondebat.
1865 2721 2152 2774 Imperium
2180 2721 2393 2763 tenebat

202 2801 336 2831 unus
363 2789 546 2842 aliquis
572 2790 913 2843 trigonorum,
943 2791 1110 2833 donec
1138 2791 1273 2833 intra
1299 2791 1504 2845 signum
1531 2791 1742 2844 aliquod
1770 2791 1879 2845 ejus
1901 2792 2199 2847 conjunctio
2220 2793 2393 2845 plane-

201 2863 377 2901 tarum
397 2860 540 2902 facta
561 2864 687 2902 erat.
712 2861 842 2902 Cum
863 2874 958 2903 sua
980 2861 1197 2915 quisque
1214 2862 1446 2916 trigonus
1461 2863 1576 2904 vice
1589 2862 1801 2904 functus
1817 2866 1908 2913 est,
1932 2864 2113 2916 cyclus
2130 2874 2392 2905 annorum

203 2930 310 2972 fere
332 2931 749 2984 octingentorum
770 2936 1014 2984 peractus
1035 2936 1126 2974 est.
1151 2933 1222 2974 Cf.
1247 2932 1534 2986 Progymn.
1559 2933 1579 2974 I
1600 2945 1647 2986 p.
1671 2933 1771 2975 805.

262 3001 329 3042 ad
355 3012 403 3054 p.
432 3001 558 3057 32,22]
595 3002 712 3044 Duo
749 3002 957 3044 fuerunt
990 3004 1281 3045 astronomi
1312 3004 1514 3046 Arabes
1544 3005 1756 3046 nomine
1790 3004 1944 3059 Haly.
1973 3006 2131 3056 Alter,
2163 3005 2255 3046 ‘Ali
2291 3005 2391 3047 ben

201 3071 317 3113 Abil
345 3068 499 3126 Rigal‚
528 3073 614 3125 qui
640 3073 691 3114 in
719 3073 1002 3115 Occidente
1023 3074 1314 3128 Abenragel
1343 3076 1593 3128 appellari
1619 3076 1837 3126 solebat,
1864 3076 1993 3118 vixit
2018 3076 2225 3118 circiter
2242 3075 2302 3117 A.
2326 3075 2388 3117 D.

206 3142 331 3184 1000.
359 3143 559 3185 Auctor
584 3144 625 3185 is
652 3147 729 3186 est
755 3144 1023 3186 enchiridii
1048 3146 1223 3199 magni
1246 3146 1558 3200 astrologici,
1587 3147 1728 3199 quod
1749 3147 2047 3189 inscribitur
2066 3146 2149 3188 De
2162 3144 2391 3200 Judiciis
