2678 4069
907 290 1018 340 DE
1046 291 1286 342 NOVA
1313 293 1628 344 STELLA
2306 296 2362 347 21

244 427 600 478 Distantiam
614 443 754 478 vero
775 427 953 480 huius
975 431 1155 482 stellae
1171 448 1206 483 a
1220 432 1351 483 fixis
1367 434 1658 497 aliquibus
1674 438 1734 485 in
1749 434 1859 486 hac
1876 436 2212 500 Cassiopeiae
2228 453 2361 488 con-

172 497 515 557 stellatione,
545 498 825 561 exquifito
846 499 1240 562 instrumente,
1270 503 1320 553 8(
1347 507 1615 555 omnium
1635 508 1997 557 minutorum
2019 511 2234 572 capacj,
2259 508 2360 559 ali-

172 571 400 631 quoties
422 568 746 619 obseruaui.
769 569 979 620 Inueni
1000 579 1198 622 autem
1219 589 1351 624 eam
1372 575 1573 626 distare
1595 576 1667 627 ab
1690 592 1774 636 ea,
1798 593 1931 640 quae
1950 578 2100 628 estin
2115 578 2359 642 pectore,

171 638 412 690 Schedir
426 639 720 703 appellata
735 640 797 699 B,
818 641 866 691 7.
882 642 1141 703 partibus
1158 642 1208 692 8(
1223 644 1306 694 55.
1323 647 1583 696 minutis:
1900 654 1942 705 <t

42 720 79 761 Β
93 719 120 761 2
133 729 148 746 r
171 726 207 761 a
226 710 507 774 superiori
528 705 548 777 ΙΙ
569 725 709 760 vero
730 710 884 760 sellae
902 712 975 770 G,
997 713 1255 774 partibus
1276 715 1324 773 5,
1347 718 1585 766 minutis
1920 727 1923 732 ’

170 780 249 832 21:
272 797 308 832 a
328 780 556 832 flexura
576 781 847 844 denique,
871 781 922 831 &
943 797 1028 841 ea,
1052 798 1186 845 quae
1208 786 1369 835 iuxta
1390 786 1490 836 ilia
1512 787 1584 845 D,

169 852 202 903 5
232 852 492 915 partibus
521 854 749 902 minuto
780 853 817 902 1.
858 852 944 902 Ex
974 851 1065 903 his
1096 853 1380 919 distantijs
1410 855 1585 907 huius

170 938 348 973 nouae
370 922 552 974 stellae
574 938 610 974 a
631 921 793 974 diclis
814 922 962 982 fixiS,
991 923 1163 986 ipfius
1187 924 1349 975 locus
1371 927 1584 986 incidit,

171 1009 289 1057 quo
304 993 378 1045 ad
393 993 820 1058 longitudinem
834 996 896 1044 in
911 994 943 1044 7
954 993 1027 1045 G:
1039 997 1094 1053 *ὅ
1106 1036 1117 1053 ,
1135 1010 1268 1045 cum
1283 996 1585 1047 latitudine

79 1075 120 1109 10
170 1064 637 1128 Septemtrionalj
675 1064 743 1115 54
776 1064 894 1115 fere
933 1067 1204 1128 partium,
1244 1068 1586 1128 paucissimis

169 1136 476 1199 vtrobique
491 1133 762 1199 neglectis
777 1138 1039 1186 minutis:
1053 1136 1228 1199 idque
1240 1138 1586 1199 potissimum

169 1222 272 1270 per
299 1206 445 1257 duas
466 1206 698 1257 vltimas
725 1206 1044 1267 distantiaS,
1073 1222 1109 1258 a
1134 1206 1362 1258 flexura
1388 1208 1585 1258 videli-

170 1284 272 1337 cet,
308 1277 359 1327 8(
390 1277 660 1341 suprema
693 1276 1008 1328 Cathedrae
1041 1280 1310 1328 innotuit.
1357 1279 1516 1329 Nam
1548 1279 1588 1329 s1

169 1347 384 1399 harum
405 1348 659 1399 duarum
679 1347 934 1399 fixarum
954 1348 1101 1408 loca,
1123 1348 1442 1399 secundum
1463 1349 1586 1399 lon-

79 1430 120 1464 15
169 1419 492 1483 gitudinem
519 1419 570 1469 8(
596 1419 965 1470 latitudinem
991 1426 1148 1479 nota,
1175 1419 1586 1483 praesuppona-

168 1505 317 1550 muS‚
339 1505 463 1541 non
482 1490 681 1541 latebit
695 1490 947 1541 scientiae
962 1490 1390 1554 triangulorum
1404 1490 1586 1553 sphae-

168 1563 426 1612 ricorum
463 1577 664 1625 gnaro,
704 1563 848 1612 noui
886 1561 1082 1612 sideris
1121 1561 1194 1612 ab
1234 1560 1587 1625 aequinoaio

167 1648 350 1683 verno
372 1635 434 1683 in
454 1632 897 1696 longitudinem,
921 1631 972 1682 8(
993 1632 1065 1683 ab
1088 1632 1399 1695 Eccliptica
1419 1635 1481 1682 in
1506 1632 1586 1683 la-

167 1703 478 1754 titudinem
496 1706 760 1754 remotiO.
783 1703 909 1755 Sint
925 1706 1084 1753 enim
1100 1703 1477 1754 euidentioris
1493 1703 1587 1753 de-

73 1785 119 1819 20
167 1777 609 1826 monstrationis
629 1777 829 1838 gratia,
858 1776 920 1824 in
940 1773 1196 1838 sequentj
1222 1773 1586 1838 figuratione,

169 1845 303 1896 duae
342 1845 526 1896 stellae
565 1845 701 1896 fixae
739 1845 934 1896 fideris
975 1845 1314 1908 Cassiopeiae
1352 1846 1408 1895 A
1436 1844 1488 1895 8(
1518 1845 1586 1895 Β;

170 1932 423 1980 quarum
449 1917 505 1967 A
531 1916 594 1967 fit
620 1916 722 1967 illa
748 1919 810 1966 in
838 1915 1153 1968 Cathedrae
1182 1923 1345 1979 parte
1375 1916 1587 1979 superi-

169 2003 285 2048 ore,
315 2003 495 2051 quam
522 1987 619 2052 aiij
647 1990 709 2038 in
729 1987 964 2038 ascensu
983 1987 1179 2038 medio
1202 1987 1511 2038 collocant:
1541 1987 1586 2037 B

167 2074 307 2110 vero
335 2058 514 2119 illam,
543 2074 678 2122 quae
705 2061 768 2109 in
793 2058 1021 2110 flexura
1048 2058 1138 2118 est,
1166 2061 1330 2109 iuxta
1356 2058 1473 2118 ilia,
1502 2074 1587 2109 re-

73 2140 118 2174 25
167 2129 472 2193 presentet:
496 2130 546 2181 C
567 2136 767 2181 autem
787 2129 950 2180 locus
971 2145 1149 2180 nouae
1165 2129 1364 2189 stellae,
1382 2128 1433 2179 8(
1448 2130 1503 2179 Α
1519 2129 1586 2189 C,

167 2216 337 2252 arcus
376 2200 666 2252 distantiae
707 2203 832 2251 eius
872 2217 908 2252 a
945 2200 1215 2264 suprema
1248 2199 1585 2252 Cathedrae:

168 2271 291 2332 CB,
308 2287 479 2323 arcus
500 2274 650 2323 inter
669 2271 824 2323 hanc
840 2271 891 2322 8(
905 2271 1196 2323 flexuram
1213 2273 1585 2334 interceptus:

168 2342 220 2393 &
246 2343 301 2393 A
329 2343 392 2403 Β,
427 2358 597 2394 arcus
629 2342 1081 2406 intercapedinis
1112 2342 1406 2405 Vtriusque
1433 2342 1585 2393 fixae.

167 2413 250 2465 Sit
288 2413 522 2477 insuper
555 2414 612 2465 G
645 2414 817 2478 polus
850 2414 1086 2478 Zodiacj
1124 2414 1364 2473 BoreUS,
1399 2429 1435 2464 a
1468 2428 1586 2476 quo

71 2494 118 2529 30
167 2485 285 2536 duo
302 2485 657 2548 quadrantes
672 2485 1020 2536 descendant
1035 2488 1097 2535 in
1112 2484 1468 2548 Eclipticam,
1484 2500 1587 2547 per

165 2559 629 2619 praenominatas
655 2555 804 2607 fixas
830 2558 893 2606 in
919 2557 975 2606 A
997 2555 1048 2606 8(
1069 2556 1114 2606 Β
1142 2555 1374 2619 pofitas:
1402 2571 1505 2618 per
1530 2556 1586 2605 A

168 2626 407 2690 quidem
429 2627 486 2678 G
502 2627 580 2678 D:
603 2643 706 2691 per
726 2628 772 2678 B
793 2642 934 2677 vero
957 2626 1014 2678 G
1030 2627 1088 2677 F.
1112 2627 1233 2677 Erit
1253 2629 1450 2689 itaque
1472 2626 1527 2676 D
1544 2626 1587 2675 F

166 2713 336 2749 arcus
352 2698 680 2762 Ecclipticae
701 2698 981 2749 dirimens
995 2697 1288 2761 Vtriusque
1303 2697 1439 2747 fixae
1460 2696 1585 2747 lon-

166 2769 504 2833 gitudinem,
534 2769 585 2819 8(
605 2770 661 2819 Α
682 2769 756 2829 D,
785 2775 960 2832 atque
982 2769 1027 2819 B
1050 2769 1109 2828 F,
1138 2784 1307 2819 arcus
1334 2767 1585 2819 latitudi-

71 2849 117 2883 35
167 2855 313 2890 num
335 2840 658 2891 earundem
678 2839 949 2891 fixarum.
989 2839 1122 2890 Pari
1143 2841 1369 2890 ratione
1391 2854 1427 2889 a
1447 2838 1585 2901 polo

167 2910 423 2975 Zodiacj,
445 2927 548 2974 per
567 2911 766 2961 locum
786 2926 963 2961 nouae
985 2910 1168 2961 stellae
1192 2912 1254 2960 in
1269 2909 1319 2960 C
1340 2904 1584 2975 pofitae‚ss

36 2989 73 3030 Β
87 2989 114 3031 2
130 2999 151 3016 v
166 2981 411 3033 ducatur
432 2981 730 3045 quadrans
751 2984 813 3032 in
828 2981 1183 3045 Eclipticam,
1203 2996 1337 3044 quae
1359 2979 1455 3030 hic
1471 2979 1528 3031 G
1539 2980 1584 3029 E
1631 2997 1675 3044 q>
2090 3015 2146 3058 F

167 3055 287 3103 erit.
328 3052 531 3116 Itaque
559 3053 605 3103 E
634 3052 798 3103 locus
831 3051 1211 3116 longitudinis
1244 3066 1423 3102 nouae
1456 3050 1583 3101 stel-
1920 3043 1972 3085 Ε

165 3122 257 3183 1ae‚
275 3123 326 3173 8(
341 3123 397 3174 D
414 3124 460 3174 E
481 3139 652 3175 arcus
673 3122 1018 3174 differentiae
1039 3122 1418 3186 longitudinis
1439 3120 1616 3171 huius
1632 3136 1668 3171 a
1681 3122 1861 3183 priori
1881 3118 2000 3169 fixa
2015 3121 2076 3168 in
2090 3118 2145 3167 A
2160 3116 2359 3180 pofita:

72 3203 117 3237 40
169 3193 218 3244 C
240 3194 286 3244 E
307 3209 447 3244 vero
469 3210 639 3245 arcus
660 3194 999 3254 latitudinis,
1021 3193 1120 3244 seu
1140 3194 1483 3244 remotionis
1505 3191 1677 3254 ipsius
1698 3191 1770 3241 ab
1793 3190 2084 3252 Ecliptica.
2109 3187 2361 3249 Praesup-

165 3271 463 3327 ponantur
489 3271 688 3316 autem
714 3265 846 3316 loca
870 3264 1250 3328 longitudinis
1278 3263 1330 3313 8(
1356 3262 1678 3313 latitudinis
1705 3261 1998 3319 Fixarum,
2029 3258 2227 3322 qualia
2249 3257 2359 3307 Co-

166 3338 387 3398 pernici
408 3335 641 3395 abacuS‚
664 3334 888 3387 adiecta
909 3333 1240 3399 aequinoc'tij
1265 3334 1626 3397 precessione‚
1649 3331 1880 3390 indicat,
1902 3337 1960 3380 vt
1979 3329 2041 3379 fit
2061 3327 2359 3408 longitudo

2153 3412 2358 3460 prlorls
