2678 4069
765 363 1435 420 PROLEGOMENA
1464 371 1864 425 EDITORIS
2258 376 2410 426 LVII

220 515 320 557 que
333 515 457 546 eum
469 505 717 556 paratum
733 501 891 545 fuisse
903 507 1143 545 veterum
1159 511 1425 560 praecepta
1439 510 1728 564 relinquere
1741 516 1790 554 et
1802 514 2143 566 experimenti
2156 515 2239 557 via
2252 516 2412 557 scien-

217 574 348 617 tiam
370 584 625 627 quaerere.

277 645 379 687 Sed
413 644 525 687 aliis
559 655 769 698 quoque
802 644 1092 687 rationibus
1126 646 1327 690 fortiter
1360 661 1480 691 eum
1515 653 1773 695 studuisse
1806 654 2162 708 intellegimus,
2195 661 2251 698 ut
2282 669 2411 710 prae-

218 715 441 769 sumptis
463 715 795 769 opinionibus
816 714 947 757 liber
966 715 1244 759 veritatem
1266 725 1539 771 quaereret.
1564 723 1917 777 Quamquam,
1940 730 1996 767 ut
2022 738 2050 768 e
2077 727 2281 780 scriptis
2302 728 2411 782 ejus

218 790 270 830 et
299 786 531 841 epistulis
561 789 797 840 apparet,
829 786 953 828 fidei
980 786 1287 831 Christianae
1318 791 1519 833 sincere
1550 794 1788 837 addictus
1819 800 1945 846 erat,
1974 798 2203 839 vacabat
2231 802 2410 840 tamen

218 861 440 912 angusta
468 860 518 900 et
544 857 907 911 superstitiosa
934 857 1196 911 religione,
1221 872 1339 912 quae
1362 862 1470 915 ejus
1490 866 1728 916 tempore
1750 866 1940 919 ubique
1962 867 2182 921 vigebat.
2208 869 2338 910 Cum
2360 870 2410 911 in

216 929 388 984 patria
412 929 538 983 ejus,
562 928 697 971 sicut
723 928 775 970 in
802 928 914 970 aliis
942 929 1239 972 civitatibus
1268 944 1298 972 a
1326 932 1435 985 lege
1462 934 1721 985 pontificis
1749 937 1966 979 Romani
1992 938 2407 990 abhorrentibus,

217 1000 458 1044 ecclesiae
491 1000 718 1054 publicae
748 999 860 1042 sine
889 1000 995 1041 ulla
1025 1001 1357 1044 recusatione
1388 1004 1762 1047 oboediendum
1793 1012 1942 1058 esset,
1976 1012 2026 1050 et
2059 1010 2272 1052 Lutheri
2304 1011 2411 1052 Cal-

216 1072 427 1125 vinique
455 1071 675 1114 asseclae
703 1082 857 1124 aeque
884 1070 1018 1113 inter
1044 1083 1100 1113 se
1128 1074 1378 1114 contrarii
1405 1079 1576 1116 essent
1598 1079 1752 1129 atque
1774 1079 2012 1121 ecclesiae
2034 1080 2310 1123 catholicae
2335 1094 2410 1124 as-

215 1146 511 1186 sentatores
537 1142 690 1195 iique,
715 1141 803 1195 qui
828 1143 1261 1195 protestantismo
1291 1145 1649 1197 adhaerebant,
1673 1147 1817 1189 illum
1844 1161 1997 1191 suam
2018 1150 2159 1192 viam
2182 1152 2408 1194 tenuisse

214 1215 475 1265 videmus,
499 1225 624 1256 cum
652 1213 858 1255 Hvenae
880 1214 1146 1256 sacerdoti
1166 1216 1522 1268 persuaderet,
1546 1221 1602 1258 ut
1623 1229 1650 1259 e
1671 1218 1899 1261 formula
1922 1221 2165 1273 baptismi
2187 1223 2409 1265 exorcis-

216 1298 366 1328 mum
379 1285 660 1336 omitteret,
675 1285 798 1338 quia
811 1284 1025 1327 odiosus
1039 1289 1196 1339 atque
1208 1286 1398 1340 impius
1414 1287 1460 1329 ei
1472 1289 1749 1331 videretur.
1761 1290 2011 1333 Videmus
2024 1304 2145 1333 eum
2159 1293 2289 1335 inter
2302 1305 2409 1335 om-

215 1358 361 1400 nium
388 1356 737 1400 ecclesiarum
765 1357 995 1399 cultores
1024 1357 1227 1400 amicos
1255 1369 1466 1411 eosque,
1490 1360 1803 1412 quibuscum
1824 1373 1916 1414 per
1936 1362 2130 1405 litteras
2152 1365 2409 1416 colloque-

215 1432 374 1480 retur,
391 1429 553 1471 libere
574 1427 881 1482 quaesivisse
903 1439 966 1470 ac
987 1432 1237 1482 paratum
1254 1440 1463 1483 quoque
1478 1430 1636 1473 fuisse
1653 1433 2012 1474 calendarium
2029 1434 2407 1488 Gregorianum

215 1500 466 1554 recipere,
496 1511 621 1543 cum
648 1499 943 1541 Lutherum
970 1504 1199 1553 negaret,
1229 1500 1272 1542 si
1299 1504 1419 1543 ante
1447 1505 1659 1543 centum
1688 1514 1853 1544 annos
1882 1504 2114 1557 pontifex
2145 1506 2408 1548 Romanus

215 1571 580 1614 calendarium
613 1570 972 1622 reformasset,
1005 1571 1292 1625 quicquam
1324 1572 1377 1614 in
1408 1572 1510 1615 hac
1542 1585 1597 1615 re
1628 1577 1954 1615 mutaturum
1987 1575 2158 1626 fuisse,
2192 1588 2310 1629 quae
2342 1578 2408 1618 ad

215 1643 515 1686 doctrinam
543 1642 896 1685 Christianam
925 1642 1051 1684 nihil
1078 1654 1206 1685 sane
1228 1643 1485 1686 attineret,
1516 1644 1688 1694 Quam
1715 1645 1844 1686 liber
1871 1645 1978 1699 ejus
2007 1646 2211 1688 animus
2239 1647 2406 1698 fuerit,

214 1714 335 1757 inde
365 1726 576 1768 quoque
606 1715 792 1765 elucet,
823 1714 980 1767 quod,
1011 1714 1107 1756 etsi
1135 1715 1336 1757 saeculo
1363 1715 1479 1757 XVI
1507 1715 1733 1766 vivebat,
1764 1728 1924 1768 quam
1955 1717 2161 1759 Diaboli
2192 1729 2408 1759 auream

214 1788 432 1828 aetatem
453 1786 867 1840 appellaverunt,
892 1796 1017 1828 cum
1037 1785 1196 1828 rebus
1222 1786 1469 1828 humanis
1494 1786 1779 1829 Diabolum
1801 1787 2028 1840 quotidie
2049 1799 2162 1830 sese
2183 1788 2408 1830 inserere

213 1857 416 1900 nobiles
438 1861 596 1911 atque
616 1857 885 1911 ignobiles,
909 1856 1052 1899 docti
1074 1860 1231 1910 atque
1252 1857 1450 1900 indocti
1471 1858 1759 1908 crederent,
1779 1858 1959 1911 Tycho
1981 1858 2060 1900 his
2083 1859 2408 1912 opinionibus

213 1941 417 1972 vacuus
448 1932 576 1971 erat.
607 1929 756 1971 Idem
785 1928 906 1970 inde
937 1931 1174 1982 apparet,
1204 1929 1346 1982 quod
1377 1929 1624 1982 superbia
1653 1929 1837 1970 illustri
1866 1941 2052 1982 genere
2082 1930 2410 1972 insolescenti

214 2000 447 2052 carebat,
470 2000 543 2042 ita
562 2003 620 2042 ut
639 2011 746 2042 non
766 2000 956 2051 solum,
979 2002 1036 2041 ut
1057 2001 1188 2042 alter
1210 2001 1495 2051 Maecenas,
1520 2004 1659 2042 artes
1680 2000 1995 2053 litterasque,
2020 1990 2149 2053 quas
2170 2001 2409 2043 homines

213 2071 522 2114 humiliores
552 2071 887 2122 exercebant,
918 2074 1169 2122 tueretur,
1201 2072 1294 2114 sed
1326 2073 1650 2126 collegarum
1683 2071 1935 2113 invidiam
1965 2075 2322 2122 contemnens,
2354 2075 2409 2113 ut

213 2143 493 2186 hominum
514 2142 791 2185 scientiam
811 2145 1018 2185 naturae
1041 2146 1269 2197 augeret,
1292 2147 1465 2185 totum
1487 2154 1543 2185 se
1565 2143 1728 2185 daret.

271 2214 376 2257 Etsi
397 2214 690 2268 exploratio
711 2213 829 2256 caeli
849 2213 1181 2268 praecipuum
1196 2214 1319 2257 vitae
1341 2215 1452 2269 ejus
1473 2214 1705 2257 studium
1727 2217 1854 2264 erat,
1873 2213 2079 2255 animus
2098 2216 2278 2256 tamen
2299 2214 2409 2256 aliis

213 2285 396 2328 studiis
422 2285 656 2340 ingenuis
677 2285 923 2327 vacabat.
947 2285 1121 2328 Ardor
1147 2297 1291 2339 saepe
1313 2286 1475 2328 animi
1496 2286 1546 2327 in
1566 2288 1818 2339 poemata
1840 2284 2137 2335 effunditur,
2163 2297 2280 2337 quae
2303 2296 2410 2326 orn-

212 2356 299 2399 nia
326 2356 512 2398 Latine
539 2356 842 2410 conscripta
867 2359 1003 2407 sunt,
1032 2357 1125 2399 sed
1153 2357 1397 2410 quamvis
1425 2357 1620 2399 ascitus
1648 2356 1803 2398 fuerit
1828 2355 1912 2397 hic
1936 2359 2166 2405 ornatus,
2190 2355 2409 2397 fortibus

211 2431 394 2470 tamen
421 2431 472 2470 et
497 2427 635 2470 veris
663 2427 943 2470 affectibus
969 2427 1115 2469 haud
1141 2438 1264 2470 raro
1296 2428 1582 2470 abundant.
1614 2427 1715 2470 Ubi
1744 2428 1811 2469 ad
1839 2426 2261 2468 observatorium
2292 2437 2409 2468 con-

214 2499 448 2542 dendum
476 2510 604 2552 opes
632 2498 679 2541 ei
705 2498 1189 2552 suppeditaverunt,
1215 2499 1420 2541 Hvenae
1447 2498 1733 2541 aedificium
1761 2497 2030 2547 exstruxit,
2055 2498 2194 2550 quod
2214 2508 2319 2539 non
2342 2498 2408 2538 ad

213 2571 316 2613 hoc
346 2571 522 2612 solum
551 2569 818 2620 idoneum,
840 2570 934 2612 sed
964 2570 1179 2625 dignum
1209 2570 1370 2612 etiam
1401 2573 1552 2620 esset,
1577 2570 1719 2623 quod
1738 2570 1995 2622 templum
2016 2567 2302 2610 venustatis
2323 2578 2409 2609 vo-

213 2644 439 2684 caretur.
463 2642 536 2683 Eo
557 2643 840 2683 structurae
861 2652 1050 2695 genere
1071 2641 1467 2684 exaedificatum
1487 2644 1544 2682 ut
1564 2644 1692 2691 erat,
1716 2640 1857 2693 quod
1877 2643 2116 2693 tempore
2136 2650 2408 2680 renascen-

211 2712 345 2755 tium
367 2711 561 2755 artium
580 2712 633 2754 in
653 2711 804 2754 terris
825 2712 1318 2766 septentrionalibus
1340 2715 1613 2765 receptum
1635 2714 1726 2761 est,
1744 2711 1795 2752 in
1809 2710 2026 2753 historia
2043 2710 2407 2752 architecturae

213 2783 488 2826 civitatum
521 2783 891 2826 Scandinaviae
930 2795 1130 2826 novam
1168 2786 1385 2826 aetatem
1420 2782 1811 2836 Uraniburgum
1845 2780 2090 2823 condidit.
2124 2780 2406 2822 Turriculae

212 2865 454 2909 procerae
482 2857 805 2907 ornatusque
832 2855 1041 2908 elegans
1063 2854 1386 2897 exteriorum
1406 2853 1637 2907 partium
1658 2852 1884 2902 aedificii,
1907 2851 2047 2904 quod
2069 2850 2302 2892 medium
2323 2861 2407 2892 cu-

213 2925 453 2968 mulabat
471 2925 664 2977 tholus,
681 2937 843 2979 supra
864 2938 1024 2979 quem
1044 2927 1268 2980 Pegasus
1291 2928 1522 2975 auratus,
1541 2923 1628 2977 qui
1647 2923 1788 2966 venti
1809 2922 2152 2964 directionem
2175 2920 2406 2962 ostende-

213 2996 304 3039 bat
331 3007 394 3039 ac
421 2996 577 3038 simul
604 2996 804 3039 domini
830 2997 1063 3039 studium
1090 3008 1251 3050 supra
1276 2999 1445 3037 terras
1472 3006 1587 3037 sese
1614 2993 1893 3036 extollendi
1920 2992 2261 3046 significabat,
2284 2990 2405 3032 utile

213 3067 354 3110 dulci
381 3067 642 3110 miscebat
661 3093 718 3097 —
739 3068 920 3110 omnia
941 3079 1066 3110 cum
1085 3067 1172 3109 illo
1194 3066 1382 3120 ingenii
1403 3066 1561 3116 cultu,
1585 3065 1670 3107 cui
1690 3065 1832 3107 aedes
1854 3063 2112 3105 dedicatae
2134 3064 2295 3111 erant,
2320 3072 2405 3113 op-

210 3137 338 3180 time
371 3138 787 3181 concordabant.
820 3138 969 3181 Idem
999 3138 1100 3181 dici
1130 3141 1303 3192 potest
1333 3138 1398 3179 de
1428 3147 1620 3190 magno
1651 3145 1873 3176 numero
1904 3134 2228 3187 picturarum
2259 3134 2308 3173 et
2337 3130 2406 3171 in-

212 3208 575 3263 scriptionum,
599 3221 719 3263 quae
748 3209 1025 3252 interiores
1055 3208 1252 3252 aedium
1283 3210 1459 3261 partes
1488 3218 1550 3248 ac
1579 3205 1978 3258 Stellaeburgum
2008 3205 2191 3256 postea
2220 3200 2406 3243 exaedi-

212 3279 434 3322 ficatum
455 3280 732 3322 ornabant.
750 3281 987 3323 Eundem
1005 3292 1220 3323 sensum
1241 3281 1529 3321 concentus
1551 3280 1707 3329 atque
1729 3275 2030 3318 concordiae
2050 3284 2226 3315 rerum
2247 3271 2295 3312 in
2318 3271 2402 3311 illa

211 3350 408 3393 fiducia
427 3351 735 3404 reperimus,
759 3363 921 3404 quam
943 3350 1241 3404 astrologiae
1262 3347 1533 3402 superiori,
1557 3347 1599 3389 si
1620 3347 1723 3388 hoc
1744 3345 1957 3388 nomine
1977 3344 2051 3386 uti
2071 3343 2203 3392 licet,
2220 3340 2399 3394 Tycho

354 3433 426 3476 (H)
