2678 4069
98 531 180 573 23r

120 1029 162 1063 10

98 1240 185 1282 23v

119 1383 160 1418 15

114 1738 159 1772 20

96 2092 177 2134 24r

115 2178 161 2211 25

116 2663 162 2698 30

117 3030 163 3064 35

98 3229 185 3271 24⁹

559 240 1140 294 HOROSCOPUS
1167 241 2052 303 PRINCIPISJOHANNIS
2295 241 2398 292 269

209 389 357 433 turae
373 382 782 445 OEcodespotes
798 383 1132 441 censebitur,
1143 386 1311 447 juxta
1324 384 1775 447 probabiliorem
1791 386 2078 434 rationem
2093 382 2399 434 Geniturae

209 455 534 517 principem
556 452 838 516 eligendo.
862 453 990 503 Etsi
1008 454 1239 504 Firmici
1260 455 1510 505 Romani
1530 455 1753 517 placitis
1773 455 2000 513 steteriS,
2022 456 2070 504 is
2092 456 2267 504 etiam
2283 453 2398 504 Ge—

210 527 422 574 niturae
439 523 734 574 Dominus
757 524 964 574 evadit.
988 524 1200 575 Praeest
1222 528 1380 575 enim
1400 525 1572 588 fign0,
1596 526 1753 588 quod
1775 526 1944 575 Luna
1966 527 2230 587 proxime
2246 519 2266 590 ΙΙ
2281 523 2400 586 post

210 595 592 645 Nativitatem
622 595 954 658 ingreditur.
988 594 1275 657 Quamvis
1301 595 1429 646 haec
1459 599 1605 646 ratio
1636 598 1831 646 minus
1861 595 2043 645 firmis
2069 598 2286 645 nitatur
2312 609 2398 644 ra-

209 665 480 716 tionibus,

281 735 448 786 Mars
462 738 659 798 itaque
674 751 778 799 per
792 735 845 786 se
861 737 1181 800 principale
1197 737 1525 787 dominium
1542 735 1759 794 nactus,
1777 739 1916 799 quia
1927 752 2048 786 non
2060 736 2238 799 usque
2251 736 2399 786 adeo

209 807 359 858 bene
381 806 715 857 constitutus
736 813 819 857 est
838 809 900 857 in
920 806 1075 857 sexta
1097 807 1273 857 domo
1289 808 1546 865 cadente,
1569 808 1737 857 laesus
1753 808 1824 857 ab
1845 804 1903 872 00
1924 806 2172 865 Saturni,
2196 821 2398 869 quam-

209 880 297 928 vis
324 877 683 928 essentialiter
708 878 1074 928 mediocriter
1095 878 1148 928 se
1170 878 1398 937 habeat,
1422 878 1473 929 &
1493 879 1707 928 Veneri
1733 877 2011 928 beneficae
2033 880 2094 927 in
2114 892 2235 927 uno
2256 876 2397 939 pofi-

209 951 384 999 tionis
399 948 615 999 circulo
627 948 1053 1011 permisceatur,
1069 948 1199 999 suas
1210 952 1361 999 vires
1373 949 1737 999 mediocriter
1750 955 1990 1007 exercet,
2007 950 2189 1011 magis
2201 954 2400 998 tamen

210 1022 272 1070 in
292 1019 640 1070 deteriorem
659 1026 901 1082 partem,
923 1019 1175 1082 facitque
1196 1020 1545 1070 iracundum
1567 1019 1617 1069 8(
1637 1022 1888 1069 nimium
1908 1019 2198 1069 interdum
2221 1018 2398 1068 auda-

211 1106 354 1150 cem,
388 1090 829 1153 admodumque
862 1093 923 1141 in
955 1090 1239 1150 libidines,
1273 1090 1417 1141 forte
1452 1093 1626 1141 etiam
1656 1090 1943 1140 adulteria
1972 1089 2023 1140 8(
2052 1089 2242 1151 stupra
2270 1104 2398 1151 pro-

211 1161 436 1220 clivem,
458 1164 660 1212 animo
683 1161 835 1212 elato
858 1161 908 1211 8(
928 1161 1322 1225 voluptatibus
1343 1161 1514 1224 supra
1533 1160 1777 1211 modum
1798 1161 2006 1219 dedito,
2028 1160 2184 1210 unde
2206 1159 2257 1210 8(
2277 1162 2398 1210 ani-

211 1248 344 1283 mus
377 1231 429 1282 8(
461 1248 673 1296 corpus
712 1232 1014 1296 affligetur,
1054 1239 1287 1296 propter
1326 1228 1345 1299 ΙΙ
1386 1232 1847 1283 constitutionem
1886 1246 2091 1281 eorum
2128 1233 2190 1280 in
2227 1229 2397 1280 sexta.

211 1303 442 1367 Mitigat
471 1304 710 1366 quidem
739 1303 868 1354 haec
897 1303 1172 1355 nonnihil
1205 1309 1240 1362 Q
1273 1303 1552 1367 partiliter
1581 1303 1762 1353 Marti
1791 1304 2077 1365 permixta
2105 1304 2166 1351 in
2193 1301 2400 1351 eodem

210 1374 507 1438 pofitionis
529 1374 762 1434 circu10,
785 1374 836 1425 8(
858 1378 998 1438 quia
1028 1379 1075 1433 ὅ·
1106 1374 1178 1426 ab
1205 1372 1263 1440 Οἱ)
1287 1373 1375 1437 bui
1397 1373 1624 1433 recedit,
1651 1373 2025 1436 oppofitoque
2041 1373 2198 1432 Jovis
2220 1371 2399 1434 appli-

210 1452 316 1505 cat,
344 1445 501 1496 unde
528 1445 823 1496 interdum
845 1445 1087 1497 effusam
1109 1446 1409 1508 quandam
1429 1445 1691 1495 laetitiam
1711 1446 2011 1507 progignit,
2039 1442 2399 1493 hominibus-

210 1532 324 1580 que
344 1516 692 1568 militaribus
713 1524 1017 1580 acceptum
1038 1516 1238 1567 reddit.
1268 1517 1387 1567 Erit
1406 1523 1604 1567 tamen
1624 1518 1686 1565 in
1706 1514 1912 1565 militia
1932 1514 2220 1576 rebusque
2247 1512 2400 1563 bello

209 1587 677 1638 administrandis
697 1591 894 1638 minus
914 1588 1053 1638 felix
1069 1588 1141 1638 ob
1157 1588 1367 1638 Martis
1387 1594 1507 1637 tam
1527 1586 1819 1637 infelicem
1840 1584 2317 1643 constitutionem,
2339 1590 2401 1634 ut

210 1661 481 1722 quamvis
503 1658 782 1710 defiderio
803 1658 1019 1710 harum
1039 1674 1237 1709 rerum
1259 1661 1535 1721 capiatur.

281 1729 626 1781 Constitutio
653 1737 852 1781 tamen
878 1730 1089 1781 Martis
1115 1732 1177 1779 in
1204 1737 1269 1794 m)
1297 1732 1359 1779 in
1386 1734 1661 1791 carpento
1691 1729 1744 1786 ζέ,
1767 1726 1885 1790 ipso
1908 1728 2083 1777 etiam
2103 1726 2401 1776 Mercurio

208 1803 270 1851 in
291 1808 357 1865 m>
380 1803 677 1860 existente,
709 1802 783 1852 ad
810 1800 1022 1852 callida
1048 1800 1347 1863 astutaque
1375 1799 1610 1851 consilia
1635 1799 2150 1861 stratagemataque
2179 1798 2400 1859 excogi-

208 1871 389 1923 tanda
408 1878 648 1923 acutum
669 1872 869 1923 reddit.
891 1872 1111 1923 Verum
1135 1872 1274 1935 quid
1295 1870 1702 1934 particularius
1716 1873 1838 1919 tam
1852 1868 2078 1925 MartiS,
2101 1882 2280 1930 quam
2300 1866 2401 1917 ali-

210 1958 382 1994 orum
403 1943 726 1994 constitutio
747 1943 1070 2007 portendat,
1092 1945 1155 1992 in
1174 1941 1545 2006 sequentibus
1567 1940 1926 1991 enucleatius
1948 1941 2293 2005 aperiemus
2311 1933 2331 2004 ΙΙ

212 2088 337 2148 DE
354 2087 1137 2148 TEMPERAMENTO
1155 2089 1214 2148 8(
1231 2084 1913 2147 COMPLEXIONE
1938 2082 2399 2143 CORPORIS.

214 2179 924 2304 SI·GNI·FI·CATOREJS
953 2179 1464 2260 complexionis-in
1490 2177 1600 2228 hac
1628 2176 1847 2258 Inclyta
1861 2175 2162 2257 ‚Genitura
2186 2173 2314 2223 funt
2340 2171 2402 2222 hi

326 2267 389 2302 m
408 2267 611 2316 pr1m1s
632 2267 767 2302 cum
787 2251 901 2302 suis
922 2266 1069 2314 quas
1092 2250 1249 2301 Nato
1271 2249 1590 2301 attribuunt
1611 2246 2001 2311 qualitatibus,

1147 2364 1154 2459 Ι
1218 2388 1414 2424 Calidum
1480 2396 1482 2448 ῃ
1530 2387 1767 2423 Humidum
1851 2385 2063 2430 Frigidum
2168 2383 2333 2419 Siccum

258 2499 594 2552 Ascendens
615 2499 695 2550 14⁰
719 2507 781 2554 V
1176 2497 1454 2549 Calidum
1478 2469 1481 2544 Ι
2130 2492 2358 2543 Siccum

259 2572 557 2623 Dominus
588 2575 636 2629 ὅ
2130 2563 2325 2614 Siccus

264 2645 322 2703 G>
347 2642 629 2706 aspiciens
650 2640 986 2692 Ascendens
1176 2639 1422 2691 Calidus
2131 2633 2326 2685 Siccus

272 2716 312 2775 c(
348 2714 406 2764 10
435 2715 486 2773 )(
1506 2707 1775 2759 Humida
1845 2705 2075 2769 Frigida

259 2783 454 2836 Stellae
476 2799 548 2835 ex
574 2795 631 2833 xx
658 2798 793 2834 cum
815 2785 854 2844 (ζ
1506 2778 1791 2830 Humidae

259 2855 504 2920 Signum
529 2856 587 2914 G>
602 2856 655 2915 Ω
1177 2851 1456 2904 Calidum
2131 2845 2360 2897 Siccum

259 2926 556 2977 Dominus
579 2925 886 2976 Geniturae
919 2928 967 2983 ἆ
2131 2916 2327 2968 Siccus

281 3151 544 3214 Apparet
562 3152 760 3213 itaque
782 3148 1246 3200 constitutionem
1266 3146 1710 3210 temperamenti
1726 3144 1827 3193 esse
1841 3145 1904 3192 in
1917 3143 2119 3205 primis
2133 3139 2336 3190 siccam
2352 3138 2403 3188 8(

212 3220 479 3280 calidam,
508 3236 689 3284 quam
710 3219 1086 3271 Cholericam
1111 3217 1328 3282 physici
1348 3212 1713 3283 ap-Hpellant:
1741 3214 1897 3264 unde
1924 3212 2329 3262 inclinationes
2351 3207 2402 3257 8(

213 3294 471 3355 corporis
491 3290 957 3343 constitutionem
978 3289 1341 3341 conformem
1361 3287 1499 3338 huic
1518 3290 1979 3363 temperamento
2000 3280 2249 3339 habebit,
2276 3281 2401 3329 erit-

2289 3363 2401 3411 que
