2678 4069
224 395 679 456 PRAEFATIO
710 396 1224 459 SOCIETATIS
1255 401 1648 462 LINGUAE
1673 403 1786 463 ET
1816 405 2415 468 LITTERARUM

1020 493 1624 557 DANICARUM.

351 604 455 647 UM
488 604 829 646 COPERNICI
869 605 1141 647 KEPLERI
1173 607 1479 650 GALILAEI
1512 609 1841 664 aliorumque
1870 611 2106 655 virorum
2137 615 2417 658 doctorum

360 676 726 729 praestantium
749 688 912 729 opera
934 677 1137 731 magnis
1159 678 1472 722 editionibus
1494 682 1716 723 collecta
1738 683 2079 735 reperiantur,
2096 684 2167 726 ita
2188 689 2245 727 ut
2265 686 2417 729 facile

220 758 283 789 ea
305 747 450 789 adire
470 747 672 800 possint
692 747 936 790 homines
958 748 1321 791 doctrinarum
1342 750 1576 802 studiosi,
1593 751 1725 793 illius
1746 752 1858 803 viri,
1877 765 2033 807 quem
2055 767 2232 809 regem
2255 760 2417 800 astro-

218 830 503 860 nomorum
526 818 779 860 Besselius
802 819 1099 872 appellavit,
1118 820 1309 873 quique
1330 833 1426 863 sua
1447 822 1701 864 industria
1723 824 1893 866 omnis
1915 826 2269 868 recentiorum
2289 831 2416 870 tem-

216 900 408 942 porum
431 889 775 931 astronomiae
797 889 1202 932 fundamentum
1218 891 1358 945 J'ecit‚
1382 904 1545 946 opera
1567 895 1803 936 nondum
1823 895 1914 936 tali
1934 898 2097 939 modo
2120 898 2258 940 edita
2279 903 2412 941 sunt.

215 960 292 1002 Ac
320 960 385 1002 de
413 959 854 1002 observationum
886 961 1098 1014 quidem
1125 962 1465 1005 TYCHONIS
1494 965 1709 1006 BRAHE
1738 977 1962 1019 corpore
1990 968 2194 1011 edendo
2222 970 2414 1023 saepius

216 1030 504 1084 cogitatum
532 1034 624 1081 est,
653 1043 819 1084 usque
847 1032 913 1074 ab
942 1043 1005 1074 eo
1032 1036 1289 1086 tempore,
1320 1046 1441 1076 cum
1473 1035 1762 1078 Fridericus
1791 1037 1860 1078 ΙΙΙ
1888 1049 1980 1079 rex
2010 1038 2195 1082 Daniae
2224 1051 2328 1091 eas,
2358 1045 2414 1083 ut

216 1101 550 1145 bibliothecae
577 1114 689 1144 suae
713 1114 881 1156 nuper
901 1103 1129 1146 conditae
1152 1105 1471 1159 adjungeret,
1496 1118 1634 1149 anno
1661 1107 1771 1149 1655
1793 1109 2139 1162 comparavit,
2161 1112 2253 1153 sed
2275 1124 2412 1154 nunc

215 1173 432 1215 demum
462 1185 546 1215 res
577 1174 645 1215 ad
676 1173 926 1216 effectum
956 1175 1175 1228 perduci
1204 1176 1386 1229 potuit,
1417 1188 1539 1219 cum
1570 1178 1764 1230 petenti
1794 1180 2034 1232 populari
2064 1184 2261 1231 nostro,
2284 1195 2331 1223 v.
2362 1183 2409 1224 d.

215 1244 251 1286 Ι.
264 1244 320 1286 L.
333 1245 384 1286 E.
397 1244 717 1295 DREYERO,
736 1245 1101 1296 observatorii‚
1119 1247 1261 1299 quod
1276 1247 1563 1290 Armachae
1580 1248 1937 1292 Hibernorum
1952 1250 2122 1302 floret,
2138 1252 2409 1304 praefecto,

214 1315 628 1358 INSTITUTUM
661 1316 1211 1359 CARLSBERGICUM
1242 1322 1498 1371 sumptus,
1529 1319 1616 1372 qui
1643 1320 1710 1361 ad
1738 1320 2134 1364 observationes
2163 1323 2301 1376 typis
2328 1324 2411 1365 de-

212 1387 518 1429 scribendas
540 1387 824 1429 necessarii
845 1391 1032 1438 essent,
1050 1399 1165 1430 sese
1180 1392 1549 1442 suscepturum
1565 1401 1679 1432 esse
1699 1391 1987 1444 pollicitum
2004 1396 2094 1434 est.
2114 1393 2266 1443 Quod
2282 1406 2409 1437 vero

212 1457 391 1500 omnia
405 1457 670 1511 Tychonis
692 1458 860 1500 Brahe
883 1470 1046 1512 opera
1067 1471 1205 1502 nunc
1229 1461 1385 1502 edere
1406 1472 1703 1513 possumus,
1726 1462 1955 1515 primum
1978 1463 2073 1505 viri
2094 1465 2411 1507 excellentis-

209 1529 328 1571 simi
350 1529 408 1571 G.
426 1529 485 1571 A.
505 1529 919 1571 HAGEMANNI
942 1530 1318 1573 munificentiae
1340 1531 1538 1585 insigni,
1563 1532 1649 1585 qui
1669 1532 1908 1575 societati
1929 1538 2125 1577 nostrae
2148 1546 2274 1588 opes
2295 1547 2411 1589 sup-

209 1600 477 1654 peditavit,
511 1600 698 1653 quibus
731 1600 835 1643 hoc
868 1601 1199 1655 propositum
1232 1606 1586 1656 perageretur,
1619 1603 1806 1645 deinde
1840 1604 2119 1646 DREYERI
2154 1605 2408 1649 officiosae

209 1671 467 1715 voluntati
493 1672 764 1722 debemus,
795 1672 882 1725 qui
910 1673 1355 1716 consentientibus
1384 1673 1605 1716 Instituti
1632 1674 1973 1728 Carlsbergici
1998 1676 2262 1729 praefectis
2290 1689 2410 1719 con-

211 1743 380 1794 cessit,
411 1746 469 1785 ut
497 1755 594 1785 sua
625 1743 1058 1786 observationum
1090 1744 1247 1786 editio
1278 1757 1401 1798 pars
1431 1745 1582 1786 fieret
1612 1745 1850 1787 editionis
1882 1746 2119 1788 omnium
2145 1747 2183 1788 T
2186 1747 2408 1800 ychonis

210 1826 448 1869 operum,
472 1817 522 1856 et
549 1814 736 1857 ceteris
764 1826 975 1868 quoque
1003 1815 1249 1868 operibus
1277 1815 1491 1858 edendis
1512 1827 1627 1858 sese
1647 1816 1997 1870 praefuturum
2019 1829 2133 1859 esse
2153 1818 2405 1871 promisit.

209 1887 288 1929 Ita
309 1898 464 1937 nunc,
482 1885 707 1940 amplius
727 1885 974 1928 trecentis
997 1886 1145 1929 annis
1166 1890 1286 1940 post
1300 1887 1494 1929 summi
1511 1887 1803 1930 astronomi
1818 1892 2062 1939 mortem,
2080 1890 2251 1931 lucem
2267 1889 2408 1931 videt

208 1958 327 2001 haec
355 1957 512 2000 editio
541 1957 779 2000 omnium
807 1969 1030 2011 operum
1058 1957 1182 2012 ejus,
1208 1970 1369 2011 quam
1395 1959 1557 2000 talem
1584 1958 1817 2000 futuram
1839 1970 1952 2001 esse
1973 1966 2264 2013 speramus,
2288 1972 2407 2013 quae

207 2030 310 2081 illo,
335 2029 424 2083 qui
450 2040 652 2079 eorum,
676 2028 764 2082 qui
790 2028 842 2070 in
868 2028 1039 2082 patria
1061 2032 1242 2071 nostra
1263 2029 1445 2072 studiis
1468 2029 1738 2072 altioribus
1760 2042 1979 2084 operam
2002 2031 2273 2082 dederunt,
2291 2031 2406 2085 jure

207 2101 451 2155 princeps
473 2099 726 2154 appellari
745 2103 933 2154 potest,
957 2100 1112 2154 digna
1134 2112 1249 2143 esse
1269 2101 1526 2143 videatur.

265 2172 596 2226 Propositum
618 2171 769 2218 nobis
791 2174 919 2222 erat,
943 2183 1050 2214 non
1070 2172 1242 2214 solum
1263 2175 1320 2213 ut
1341 2171 1536 2222 omnia,
1561 2184 1680 2225 quae
1701 2171 1811 2225 ipse
1831 2172 2012 2225 Tycho
2035 2173 2240 2215 edenda
2261 2184 2408 2215 cura-

206 2244 380 2295 visset,
413 2244 587 2286 denuo
621 2243 916 2293 ederentur,
948 2243 1041 2285 sed
1075 2242 1234 2285 etiam
1267 2246 1324 2284 ut
1357 2243 1833 2286 commentationes
1864 2246 2022 2297 atque
2050 2243 2406 2297 inquisitiones

207 2316 444 2358 nondum
466 2315 638 2364 editae,
655 2313 698 2356 si
719 2326 840 2367 quae
862 2317 1146 2364 exstarent,
1164 2326 1227 2356 ac
1249 2317 1509 2367 praeterea
1526 2326 1712 2357 omnes
1727 2314 1963 2368 epistulae
1979 2314 2164 2357 litterae
2181 2318 2406 2369 actaque

206 2386 432 2440 publica,
457 2398 577 2440 quae
597 2385 722 2427 vitae
750 2385 860 2439 ejus
889 2388 1047 2438 atque
1068 2385 1250 2427 studiis
1273 2385 1448 2438 aliquo
1471 2386 1634 2428 modo
1656 2386 1829 2428 lucem
1852 2385 2045 2427 afferre
2064 2389 2294 2439 possent,
2316 2399 2405 2428 un-

206 2457 363 2511 dique
384 2457 763 2510 colligerentur.
788 2456 1028 2507 Quorum
1051 2456 1262 2510 copiam
1283 2456 1343 2512 (si
1365 2468 1443 2506 ea,
1468 2469 1588 2509 quae
1623 2456 1849 2499 Hauniae
1883 2460 2236 2507 asservantur,
2269 2457 2402 2500 exci-

203 2528 336 2585 pias)
350 2528 553 2582 majore
569 2539 635 2569 ex
648 2530 798 2581 parte
820 2526 872 2569 in
893 2527 1216 2570 Bibliotheca
1232 2527 1477 2569 Caesarea
1485 2527 1882 2570 Vindobonensi
1903 2528 2248 2581 quaerendam
2270 2539 2398 2579 esse,

204 2600 270 2642 ab
292 2599 435 2642 initio
459 2599 752 2642 constabat.
777 2598 879 2640 Sed
901 2610 1024 2640 cum
1044 2598 1227 2652 Tycho
1248 2598 1375 2641 satis
1396 2599 1620 2640 multum
1643 2598 1694 2640 in
1714 2598 1982 2641 itineribus
2003 2602 2243 2641 versatus
2265 2603 2402 2641 esset

202 2674 254 2713 et
274 2682 397 2713 cum
411 2670 535 2712 viris
554 2669 723 2712 doctis
745 2681 808 2712 ac
829 2669 1150 2723 principibus
1171 2669 1399 2711 externis
1420 2669 1563 2712 haud
1584 2670 1767 2723 paucis
1789 2670 2099 2724 conjunctus
2120 2669 2314 2720 fuisset,
2333 2670 2398 2712 ab

201 2741 344 2784 initio
367 2741 735 2784 coniciendum
758 2743 886 2790 erat,
904 2741 1153 2783 nonnulla
1175 2752 1377 2791 eorum,
1395 2752 1515 2793 quae
1530 2740 1582 2782 in
1597 2740 1880 2783 editionem
1895 2740 2195 2794 recipienda
2210 2744 2397 2791 essent,

201 2812 253 2854 in
273 2812 449 2854 multis
465 2811 792 2855 bibliothecis
809 2811 1142 2864 archivisque
1156 2823 1251 2865 per
1265 2811 1526 2866 majorem
1541 2813 1765 2865 Europae
1780 2814 1987 2865 partem
2002 2811 2252 2865 dissipata
2267 2823 2395 2861 esse,

202 2895 322 2936 quae
337 2886 394 2925 ut
408 2883 587 2926 omnia
603 2895 764 2936 quam
787 2882 1174 2936 diligentissime
1189 2882 1630 2936 perquirerentur,
1649 2882 1772 2924 nihil
1789 2894 1967 2936 operae
1982 2882 2396 2936 praetermissum

200 2957 292 2996 est.
311 2954 443 3005 Quae
458 2966 524 2996 ex
539 2954 767 2997 archivis
789 2954 1123 3007 congerenda
1138 2956 1303 3003 erant,
1319 2953 1556 3006 ipsorum
1573 2953 1873 2995 Germaniae
1887 2952 2113 2995 Austriae
2129 2953 2396 3006 Italiaeque

199 3025 618 3079 septentrionalis
640 3025 981 3068 archivorum
1001 3023 1420 3078 perscrutatione
1436 3025 1658 3067 collecta
1672 3027 1811 3074 sunt;
1837 3024 1978 3077 quod
1993 3035 2120 3066 vero
2138 3024 2205 3066 ad
2221 3023 2397 3066 biblio-

198 3096 383 3139 thecas
405 3096 601 3147 attinet,
619 3096 691 3138 ita
713 3099 892 3138 actum
914 3099 1006 3146 est,
1023 3098 1080 3137 ut
1101 3094 1353 3148 catalogis
1374 3094 1628 3137 librorum
1650 3107 1813 3136 manu
1827 3094 2145 3148 scriptorum
2159 3094 2297 3148 typis
2313 3095 2396 3136 de-

198 3166 403 3220 scriptis
435 3167 768 3221 inspiciendis
801 3169 852 3208 et
881 3178 947 3208 ex
977 3165 1222 3209 omnibus
1253 3165 1362 3207 fere
1393 3165 1721 3208 bibliothecis
1753 3166 1977 3219 Europae
2007 3164 2241 3218 publicis,
2275 3177 2393 3218 quae

200 3237 412 3291 quidem
433 3238 593 3281 libros
615 3239 682 3280 ad
704 3241 843 3280 artes
865 3241 915 3279 et
936 3237 1204 3280 doctrinas
1224 3236 1543 3290 pertinentes
1560 3235 1830 3289 possidere
1846 3235 2284 3286 existimarentur,
2300 3246 2394 3288 per

198 3308 395 3350 litteras
422 3308 739 3351 sciscitando
767 3320 847 3359 ea,
871 3308 1058 3361 quibus
1086 3319 1218 3362 opus
1239 3310 1391 3358 esset,
1415 3306 1865 3360 conquirerentur.
1886 3307 1962 3348 Ex
1982 3306 2057 3356 iis,
2081 3317 2200 3359 quae
2222 3305 2301 3347 his
2321 3304 2393 3346 lit-

341 3391 408 3434 (A)
