<?xml version="1.0" encoding="UTF-8"?>
<!DOCTYPE html PUBLIC "-//W3C//DTD XHTML 1.0 Transitional//EN"
    "http://www.w3.org/TR/xhtml1/DTD/xhtml1-transitional.dtd">
<html xmlns="http://www.w3.org/1999/xhtml" xml:lang="en" lang="en">
 <head>
  <title>
</title>
<meta http-equiv="Content-Type" content="text/html;charset=utf-8" />
  <meta name='ocr-system' content='tesseract 3.04.00' />
  <meta name='ocr-capabilities' content='ocr_page ocr_carea ocr_par ocr_line ocrx_word'/>
</head>
<body>
  <div class='ocr_page' id='page_1' title='image "./operaomniaedidit01brahuoft/operaomniaedidit01brahuoft_0126.png"; bbox 0 0 2678 4069; ppageno 0'>
   <div class='ocr_carea' id='block_1_1' title="bbox 216 77 1676 143">
    <p class='ocr_par' dir='ltr' id='par_1_1' title="bbox 216 77 1676 143">
     <span class='ocr_line' id='line_1_1' title="bbox 216 77 1676 143; baseline -0.01 -1"><span class='ocrx_word' id='word_1_1' title='bbox 216 91 286 143; x_wconf 88' lang='grc'>50</span> <span class='ocrx_word' id='word_1_2' title='bbox 950 80 1062 132; x_wconf 91' lang='lat' dir='ltr'>DE</span> <span class='ocrx_word' id='word_1_3' title='bbox 1090 78 1331 132; x_wconf 83' lang='lat' dir='ltr'>NOVA</span> <span class='ocrx_word' id='word_1_4' title='bbox 1358 77 1676 131; x_wconf 85' lang='lat' dir='ltr'><strong>STELLA</strong></span> 
     </span>
    </p>
   </div>
   <div class='ocr_carea' id='block_1_2' title="bbox 315 217 2323 292">
    <p class='ocr_par' dir='ltr' id='par_1_2' title="bbox 315 217 2323 292">
     <span class='ocr_line' id='line_1_2' title="bbox 315 217 2323 292; baseline -0.003 -13"><span class='ocrx_word' id='word_1_5' title='bbox 315 229 579 292; x_wconf 81' lang='lat' dir='ltr'><strong>Tempus</strong></span> <span class='ocrx_word' id='word_1_6' title='bbox 600 219 880 276; x_wconf 74' lang='lat' dir='ltr'>exao&#39;tum</span> <span class='ocrx_word' id='word_1_7' title='bbox 904 234 1075 273; x_wconf 77' lang='lat' dir='ltr'>Verae</span> <span class='ocrx_word' id='word_1_8' title='bbox 1097 217 1490 287; x_wconf 80' lang='lat' dir='ltr'>oppositionis</span> <span class='ocrx_word' id='word_1_9' title='bbox 1511 233 1829 286; x_wconf 82' lang='lat' dir='ltr'>apparens</span> <span class='ocrx_word' id='word_1_10' title='bbox 1847 217 1912 270; x_wconf 84' lang='lat' dir='ltr'>in</span> <span class='ocrx_word' id='word_1_11' title='bbox 1933 217 2323 286; x_wconf 78' lang='lat' dir='ltr'><strong><em>longitudine</em></strong></span> 
     </span>
    </p>
   </div>
   <div class='ocr_carea' id='block_1_3' title="bbox 858 292 2482 568">
    <p class='ocr_par' dir='ltr' id='par_1_3' title="bbox 858 292 2482 568">
     <span class='ocr_line' id='line_1_3' title="bbox 1175 292 1439 357; baseline -0.004 -14"><span class='ocrx_word' id='word_1_12' title='bbox 1175 292 1261 343; x_wconf 84' lang='lat'>35.</span> <span class='ocrx_word' id='word_1_13' title='bbox 1278 293 1439 357; x_wconf 81' lang='lat' dir='ltr'>part.</span> 
     </span>
     <span class='ocr_line' id='line_1_4' title="bbox 1072 373 1544 426; baseline -0.002 -1"><span class='ocrx_word' id='word_1_14' title='bbox 1072 373 1544 426; x_wconf 91' lang='lat' dir='ltr'><strong>DECEMBRIS.</strong></span> 
     </span>
     <span class='ocr_line' id='line_1_5' title="bbox 858 443 1752 497; baseline -0.002 0"><span class='ocrx_word' id='word_1_15' title='bbox 858 445 931 497; x_wconf 94' lang='lat' dir='ltr'>D.</span> <span class='ocrx_word' id='word_1_16' title='bbox 1103 445 1182 496; x_wconf 92' lang='lat' dir='ltr'>H.</span> <span class='ocrx_word' id='word_1_17' title='bbox 1360 444 1446 496; x_wconf 91' lang='lat' dir='ltr'>M.</span> <span class='ocrx_word' id='word_1_18' title='bbox 1630 443 1752 496; x_wconf 90' lang='lat' dir='ltr'>Sec.</span> 
     </span>
     <span class='ocr_line' id='line_1_6' title="bbox 878 515 2482 568; baseline -0.005 0"><span class='ocrx_word' id='word_1_19' title='bbox 878 516 911 568; x_wconf 94' lang='lat'>8</span> <span class='ocrx_word' id='word_1_20' title='bbox 1128 516 1160 567; x_wconf 91' lang='lat'><em>7</em></span> <span class='ocrx_word' id='word_1_21' title='bbox 1375 516 1433 567; x_wconf 88' lang='lat'>51</span> <span class='ocrx_word' id='word_1_22' title='bbox 1650 515 1735 567; x_wconf 87' lang='lat'>29.</span> <span class='ocrx_word' id='word_1_23' title='bbox 2459 526 2482 560; x_wconf 86' lang='lat'><em>5</em></span> 
     </span>
    </p>
   </div>
   <div class='ocr_carea' id='block_1_4' title="bbox 206 609 2409 822">
    <p class='ocr_par' dir='ltr' id='par_1_4' title="bbox 206 609 2409 822">
     <span class='ocr_line' id='line_1_7' title="bbox 280 609 2409 675; baseline -0.002 -8"><span class='ocrx_word' id='word_1_24' title='bbox 280 613 583 667; x_wconf 72' lang='lat' dir='ltr'>Had&#39;tenus</span> <span class='ocrx_word' id='word_1_25' title='bbox 605 628 691 672; x_wconf 91' lang='lat' dir='ltr'>ea,</span> <span class='ocrx_word' id='word_1_26' title='bbox 714 627 848 675; x_wconf 86' lang='lat' dir='ltr'>quae</span> <span class='ocrx_word' id='word_1_27' title='bbox 870 611 945 662; x_wconf 90' lang='lat' dir='ltr'>ad</span> <span class='ocrx_word' id='word_1_28' title='bbox 966 610 1220 662; x_wconf 84' lang='lat' dir='ltr'>cuiusuis</span> <span class='ocrx_word' id='word_1_29' title='bbox 1241 610 1553 675; x_wconf 89' lang='lat' dir='ltr'>Plenilunij</span> <span class='ocrx_word' id='word_1_30' title='bbox 1577 613 1701 662; x_wconf 91' lang='lat' dir='ltr'>veri</span> <span class='ocrx_word' id='word_1_31' title='bbox 1720 609 2157 673; x_wconf 90' lang='lat' dir='ltr'>inquifitionem</span> <span class='ocrx_word' id='word_1_32' title='bbox 2175 613 2409 675; x_wconf 88' lang='lat' dir='ltr'>proprie</span> 
     </span>
     <span class='ocr_line' id='line_1_8' title="bbox 208 681 2408 751; baseline -0.003 -14"><span class='ocrx_word' id='word_1_33' title='bbox 208 689 510 751; x_wconf 85' lang='lat' dir='ltr'>pertinent,</span> <span class='ocrx_word' id='word_1_34' title='bbox 532 683 962 747; x_wconf 88' lang='lat' dir='ltr'>inquifiuimus:</span> <span class='ocrx_word' id='word_1_35' title='bbox 985 697 1143 733; x_wconf 89' lang='lat' dir='ltr'>nunc</span> <span class='ocrx_word' id='word_1_36' title='bbox 1165 697 1252 741; x_wconf 89' lang='lat' dir='ltr'>ea,</span> <span class='ocrx_word' id='word_1_37' title='bbox 1275 697 1410 745; x_wconf 87' lang='lat' dir='ltr'>quae</span> <span class='ocrx_word' id='word_1_38' title='bbox 1428 682 1504 733; x_wconf 89' lang='lat' dir='ltr'>ad</span> <span class='ocrx_word' id='word_1_39' title='bbox 1520 681 1861 745; x_wconf 91' lang='lat' dir='ltr'>Eclipticam</span> <span class='ocrx_word' id='word_1_40' title='bbox 1876 681 2289 732; x_wconf 92' lang='lat' dir='ltr'>Luminarium</span> <span class='ocrx_word' id='word_1_41' title='bbox 2310 697 2408 746; x_wconf 90' lang='lat' dir='ltr'>op-</span> 
     </span>
     <span class='ocr_line' id='line_1_9' title="bbox 206 751 1486 822; baseline -0.004 -14"><span class='ocrx_word' id='word_1_42' title='bbox 206 756 549 822; x_wconf 82' lang='lat' dir='ltr'>positionem</span> <span class='ocrx_word' id='word_1_43' title='bbox 567 754 756 805; x_wconf 89' lang='lat' dir='ltr'>solum</span> <span class='ocrx_word' id='word_1_44' title='bbox 776 751 1043 818; x_wconf 67' lang='lat' dir='ltr'>speetant‚</span> <span class='ocrx_word' id='word_1_45' title='bbox 1066 753 1486 818; x_wconf 85' lang='lat' dir='ltr'>aggrediemur.</span> 
     </span>
    </p>
   </div>
   <div class='ocr_carea' id='block_1_5' title="bbox 785 857 1824 921">
    <p class='ocr_par' dir='ltr' id='par_1_5' title="bbox 785 857 1824 921">
     <span class='ocr_line' id='line_1_10' title="bbox 785 857 1824 921; baseline -0.001 -11"><span class='ocrx_word' id='word_1_46' title='bbox 785 860 882 912; x_wconf 89' lang='lat' dir='ltr'>De</span> <span class='ocrx_word' id='word_1_47' title='bbox 902 857 1404 912; x_wconf 72' lang='lat' dir='ltr'>semidiametris</span> <span class='ocrx_word' id='word_1_48' title='bbox 1425 861 1464 921; x_wconf 70' lang='grc' dir='ltr'>(ζ</span> <span class='ocrx_word' id='word_1_49' title='bbox 1491 859 1554 912; x_wconf 72' lang='grc' dir='ltr'>ὅ(</span> <span class='ocrx_word' id='word_1_50' title='bbox 1571 858 1824 910; x_wconf 76' lang='lat' dir='ltr'>vmbrae.</span> 
     </span>
    </p>
   </div>
   <div class='ocr_carea' id='block_1_6' title="bbox 700 940 2505 1435">
    <p class='ocr_par' dir='ltr' id='par_1_6' title="bbox 701 940 2505 1075">
     <span class='ocr_line' id='line_1_11' title="bbox 701 940 2505 1006; baseline -0.003 -12"><span class='ocrx_word' id='word_1_51' title='bbox 701 942 1024 994; x_wconf 89' lang='lat' dir='ltr'>Anomalia</span> <span class='ocrx_word' id='word_1_52' title='bbox 1045 944 1084 1004; x_wconf 74' lang='grc' dir='ltr'>(ζ</span> <span class='ocrx_word' id='word_1_53' title='bbox 1109 948 1346 1006; x_wconf 88' lang='lat' dir='ltr'>aequata</span> <span class='ocrx_word' id='word_1_54' title='bbox 1499 942 1604 993; x_wconf 87' lang='lat'>232</span> <span class='ocrx_word' id='word_1_55' title='bbox 1624 944 1882 1006; x_wconf 91' lang='lat' dir='ltr'>partium</span> <span class='ocrx_word' id='word_1_56' title='bbox 1901 940 2038 993; x_wconf 90' lang='lat' dir='ltr'>fere.</span> <span class='ocrx_word' id='word_1_57' title='bbox 2463 952 2505 988; x_wconf 91' lang='lat'>10</span> 
     </span>
     <span class='ocr_line' id='line_1_12' title="bbox 701 1012 1907 1075; baseline -0.001 -10"><span class='ocrx_word' id='word_1_58' title='bbox 701 1013 1145 1066; x_wconf 90' lang='lat' dir='ltr'>Semidiameter</span> <span class='ocrx_word' id='word_1_59' title='bbox 1166 1015 1206 1075; x_wconf 72' lang='grc' dir='ltr'>(ζ</span> <span class='ocrx_word' id='word_1_60' title='bbox 1435 1013 1520 1064; x_wconf 91' lang='grc' dir='ltr'>Μ.</span> <span class='ocrx_word' id='word_1_61' title='bbox 1550 1014 1606 1065; x_wconf 97' lang='grc'>17</span> <span class='ocrx_word' id='word_1_62' title='bbox 1752 1012 1805 1065; x_wconf 91' lang='lat' dir='ltr'>S.</span> <span class='ocrx_word' id='word_1_63' title='bbox 1834 1013 1907 1064; x_wconf 90' lang='grc'>10.</span> 
     </span>
    </p>

    <p class='ocr_par' dir='ltr' id='par_1_7' title="bbox 701 1083 1907 1137">
     <span class='ocr_line' id='line_1_13' title="bbox 701 1083 1907 1137; baseline -0.002 0"><span class='ocrx_word' id='word_1_64' title='bbox 701 1085 1146 1137; x_wconf 91' lang='lat' dir='ltr'>Semidiameter</span> <span class='ocrx_word' id='word_1_65' title='bbox 1165 1085 1387 1136; x_wconf 86' lang='lat' dir='ltr'>vmbrae</span> <span class='ocrx_word' id='word_1_66' title='bbox 1536 1085 1605 1136; x_wconf 91' lang='lat'>47</span> <span class='ocrx_word' id='word_1_67' title='bbox 1822 1083 1907 1136; x_wconf 89' lang='lat'>25.</span> 
     </span>
    </p>

    <p class='ocr_par' dir='ltr' id='par_1_8' title="bbox 700 1155 1790 1220">
     <span class='ocr_line' id='line_1_14' title="bbox 700 1155 1790 1220; baseline -0.001 -13"><span class='ocrx_word' id='word_1_68' title='bbox 700 1155 1022 1208; x_wconf 87' lang='lat' dir='ltr'>Anomalia</span> <span class='ocrx_word' id='word_1_69' title='bbox 1047 1158 1106 1216; x_wconf 71' lang='lat' dir='ltr'>Q&gt;</span> <span class='ocrx_word' id='word_1_70' title='bbox 1132 1162 1368 1220; x_wconf 88' lang='lat' dir='ltr'>aequata</span> <span class='ocrx_word' id='word_1_71' title='bbox 1513 1155 1605 1207; x_wconf 81' lang='lat'>168</span> <span class='ocrx_word' id='word_1_72' title='bbox 1625 1158 1790 1220; x_wconf 91' lang='lat' dir='ltr'>parti.</span> 
     </span>
    </p>

    <p class='ocr_par' dir='ltr' id='par_1_9' title="bbox 700 1226 1906 1280">
     <span class='ocr_line' id='line_1_15' title="bbox 700 1226 1906 1280; baseline 0 -2"><span class='ocrx_word' id='word_1_73' title='bbox 700 1228 964 1280; x_wconf 89' lang='lat' dir='ltr'>Variatio</span> <span class='ocrx_word' id='word_1_74' title='bbox 985 1227 1207 1278; x_wconf 89' lang='lat' dir='ltr'>vmbrae</span> <span class='ocrx_word' id='word_1_75' title='bbox 1228 1227 1368 1279; x_wconf 85' lang='lat' dir='ltr'>subt.</span> <span class='ocrx_word' id='word_1_76' title='bbox 1751 1226 1805 1279; x_wconf 92' lang='lat' dir='ltr'>S.</span> <span class='ocrx_word' id='word_1_77' title='bbox 1821 1227 1906 1279; x_wconf 88' lang='lat'>54.</span> 
     </span>
    </p>

    <p class='ocr_par' dir='ltr' id='par_1_10' title="bbox 700 1298 2502 1435">
     <span class='ocr_line' id='line_1_16' title="bbox 700 1298 2502 1350; baseline 0 -1"><span class='ocrx_word' id='word_1_78' title='bbox 700 1299 889 1350; x_wconf 91' lang='lat' dir='ltr'>Verus</span> <span class='ocrx_word' id='word_1_79' title='bbox 909 1299 1132 1350; x_wconf 84' lang='lat' dir='ltr'>vmbrae</span> <span class='ocrx_word' id='word_1_80' title='bbox 1152 1298 1370 1350; x_wconf 86' lang='lat' dir='ltr'>semidi.</span> <span class='ocrx_word' id='word_1_81' title='bbox 1435 1298 1520 1349; x_wconf 88' lang='lat' dir='ltr'>M.</span> <span class='ocrx_word' id='word_1_82' title='bbox 1537 1298 1606 1350; x_wconf 85' lang='lat'>46</span> <span class='ocrx_word' id='word_1_83' title='bbox 1752 1298 1805 1350; x_wconf 94' lang='lat' dir='ltr'>S.</span> <span class='ocrx_word' id='word_1_84' title='bbox 1833 1298 1906 1350; x_wconf 86' lang='lat'>31.</span> <span class='ocrx_word' id='word_1_85' title='bbox 2462 1309 2502 1343; x_wconf 83' lang='lat'>1⁵</span> 
     </span>
     <span class='ocr_line' id='line_1_17' title="bbox 700 1369 1904 1435; baseline -0.001 -14"><span class='ocrx_word' id='word_1_86' title='bbox 700 1371 1002 1435; x_wconf 87' lang='lat' dir='ltr'>Aggregat.</span> <span class='ocrx_word' id='word_1_87' title='bbox 1025 1369 1241 1421; x_wconf 87' lang='lat' dir='ltr'>semidi.</span> <span class='ocrx_word' id='word_1_88' title='bbox 1432 1370 1517 1420; x_wconf 93' lang='lat' dir='ltr'>M.</span> <span class='ocrx_word' id='word_1_89' title='bbox 1535 1369 1602 1421; x_wconf 82' lang='lat'>63</span> <span class='ocrx_word' id='word_1_90' title='bbox 1750 1369 1803 1421; x_wconf 90' lang='lat' dir='ltr'>S.</span> <span class='ocrx_word' id='word_1_91' title='bbox 1832 1370 1904 1421; x_wconf 91' lang='lat'>41.</span> 
     </span>
    </p>
   </div>
   <div class='ocr_carea' id='block_1_7' title="bbox 422 1463 2171 1600">
    <p class='ocr_par' dir='ltr' id='par_1_11' title="bbox 422 1463 2171 1600">
     <span class='ocr_line' id='line_1_18' title="bbox 422 1463 2171 1529; baseline -0.001 -12"><span class='ocrx_word' id='word_1_92' title='bbox 422 1465 598 1529; x_wconf 92' lang='lat' dir='ltr'>Quod</span> <span class='ocrx_word' id='word_1_93' title='bbox 620 1465 1018 1517; x_wconf 90' lang='lat' dir='ltr'>Plenilunium</span> <span class='ocrx_word' id='word_1_94' title='bbox 1038 1464 1151 1515; x_wconf 91' lang='lat' dir='ltr'>hoc</span> <span class='ocrx_word' id='word_1_95' title='bbox 1171 1464 1235 1515; x_wconf 91' lang='lat' dir='ltr'>fit</span> <span class='ocrx_word' id='word_1_96' title='bbox 1255 1465 1616 1529; x_wconf 91' lang='lat' dir='ltr'>Eclipticum,</span> <span class='ocrx_word' id='word_1_97' title='bbox 1639 1463 1691 1515; x_wconf 73' lang='grc'>8(</span> <span class='ocrx_word' id='word_1_98' title='bbox 1712 1464 1782 1516; x_wconf 92' lang='lat' dir='ltr'>de</span> <span class='ocrx_word' id='word_1_99' title='bbox 1804 1464 2109 1516; x_wconf 89' lang='lat' dir='ltr'>latitudine</span> <span class='ocrx_word' id='word_1_100' title='bbox 2132 1467 2171 1526; x_wconf 69' lang='lat' dir='ltr'>c(</span> 
     </span>
     <span class='ocr_line' id='line_1_19' title="bbox 990 1535 1619 1600; baseline -0.002 -13"><span class='ocrx_word' id='word_1_101' title='bbox 990 1536 1065 1587; x_wconf 90' lang='lat' dir='ltr'>ad</span> <span class='ocrx_word' id='word_1_102' title='bbox 1085 1536 1348 1587; x_wconf 91' lang='lat' dir='ltr'>medium</span> <span class='ocrx_word' id='word_1_103' title='bbox 1369 1535 1619 1600; x_wconf 85' lang='lat' dir='ltr'>Eclipfis.</span> 
     </span>
    </p>
   </div>
   <div class='ocr_carea' id='block_1_8' title="bbox 559 1618 2523 2037">
    <p class='ocr_par' dir='ltr' id='par_1_12' title="bbox 559 1618 2523 2037">
     <span class='ocr_line' id='line_1_20' title="bbox 853 1618 1750 1682; baseline 0 -12"><span class='ocrx_word' id='word_1_104' title='bbox 853 1618 1113 1682; x_wconf 86' lang='lat' dir='ltr'>Simplex</span> <span class='ocrx_word' id='word_1_105' title='bbox 1133 1618 1356 1670; x_wconf 87' lang='lat' dir='ltr'>latitud.</span> <span class='ocrx_word' id='word_1_106' title='bbox 1381 1621 1420 1680; x_wconf 73' lang='grc' dir='ltr'>(ζ</span> <span class='ocrx_word' id='word_1_107' title='bbox 1444 1625 1639 1670; x_wconf 90' lang='lat' dir='ltr'>motus</span> <span class='ocrx_word' id='word_1_108' title='bbox 1661 1618 1750 1670; x_wconf 84' lang='lat' dir='ltr'>est.</span> 
     </span>
     <span class='ocr_line' id='line_1_21' title="bbox 913 1689 2523 1742; baseline -0.002 0"><span class='ocrx_word' id='word_1_109' title='bbox 913 1689 1042 1742; x_wconf 77' lang='lat' dir='ltr'>Sex,</span> <span class='ocrx_word' id='word_1_110' title='bbox 1109 1689 1235 1741; x_wconf 90' lang='lat' dir='ltr'>Par.</span> <span class='ocrx_word' id='word_1_111' title='bbox 1348 1690 1434 1741; x_wconf 93' lang='lat' dir='ltr'>M.</span> <span class='ocrx_word' id='word_1_112' title='bbox 1577 1689 1630 1742; x_wconf 97' lang='lat' dir='ltr'>S.</span> <span class='ocrx_word' id='word_1_113' title='bbox 2454 1700 2501 1735; x_wconf 89' lang='lat'>20</span> <span class='ocrx_word' id='word_1_114' title='bbox 2520 1736 2523 1739; x_wconf 80' lang='grc'>,</span> 
     </span>
     <span class='ocr_line' id='line_1_22' title="bbox 962 1761 1642 1813; baseline 0.003 -2"><span class='ocrx_word' id='word_1_115' title='bbox 962 1762 995 1811; x_wconf 90' lang='lat'>4</span> <span class='ocrx_word' id='word_1_116' title='bbox 1140 1761 1209 1813; x_wconf 88' lang='lat'>27</span> <span class='ocrx_word' id='word_1_117' title='bbox 1354 1761 1424 1813; x_wconf 90' lang='lat'>28</span> <span class='ocrx_word' id='word_1_118' title='bbox 1569 1761 1642 1813; x_wconf 87' lang='lat'>31.</span> 
     </span>
     <span class='ocr_line' id='line_1_23' title="bbox 1630 1831 2046 1885; baseline -0.002 -1"><span class='ocrx_word' id='word_1_119' title='bbox 1630 1832 1688 1884; x_wconf 92' lang='lat' dir='ltr'>P.</span> <span class='ocrx_word' id='word_1_120' title='bbox 1797 1832 1882 1884; x_wconf 93' lang='lat' dir='ltr'>M.</span> <span class='ocrx_word' id='word_1_121' title='bbox 1991 1831 2046 1885; x_wconf 92' lang='lat' dir='ltr'>S.</span> 
     </span>
     <span class='ocr_line' id='line_1_24' title="bbox 559 1903 2046 1970; baseline -0.001 -14"><span class='ocrx_word' id='word_1_122' title='bbox 559 1919 845 1970; x_wconf 85' lang='grc' dir='ltr'><strong>προσταφ.</strong></span> <span class='ocrx_word' id='word_1_123' title='bbox 868 1904 904 1954; x_wconf 94' lang='grc'>1.</span> <span class='ocrx_word' id='word_1_124' title='bbox 927 1903 1183 1968; x_wconf 89' lang='lat' dir='ltr'>Epicycli</span> <span class='ocrx_word' id='word_1_125' title='bbox 1204 1903 1467 1956; x_wconf 84' lang='lat' dir='ltr'>absoluta</span> <span class='ocrx_word' id='word_1_126' title='bbox 1484 1905 1595 1956; x_wconf 87' lang='lat' dir='ltr'>Ad.</span> <span class='ocrx_word' id='word_1_127' title='bbox 1641 1905 1674 1955; x_wconf 95' lang='lat'>4</span> <span class='ocrx_word' id='word_1_128' title='bbox 1820 1904 1853 1955; x_wconf 81' lang='lat'>6</span> <span class='ocrx_word' id='word_1_129' title='bbox 1997 1904 2046 1955; x_wconf 88' lang='lat'>2.</span> 
     </span>
     <span class='ocr_line' id='line_1_25' title="bbox 882 1975 1723 2037; baseline 0.001 -12"><span class='ocrx_word' id='word_1_130' title='bbox 882 1975 1072 2026; x_wconf 91' lang='lat' dir='ltr'>Verus</span> <span class='ocrx_word' id='word_1_131' title='bbox 1091 1982 1287 2026; x_wconf 89' lang='lat' dir='ltr'>motus</span> <span class='ocrx_word' id='word_1_132' title='bbox 1307 1975 1629 2027; x_wconf 89' lang='lat' dir='ltr'>latitudinis</span> <span class='ocrx_word' id='word_1_133' title='bbox 1651 1978 1691 2037; x_wconf 67' lang='grc' dir='ltr'>ζ(</span> <span class='ocrx_word' id='word_1_134' title='bbox 1713 2017 1723 2026; x_wconf 94' lang='grc'><strong>.</strong></span> 
     </span>
    </p>
   </div>
   <div class='ocr_carea' id='block_1_9' title="bbox 659 2068 2535 2278">
    <p class='ocr_par' dir='ltr' id='par_1_13' title="bbox 659 2068 2535 2278">
     <span class='ocr_line' id='line_1_26' title="bbox 913 2068 2500 2122; baseline 0.003 -2"><span class='ocrx_word' id='word_1_135' title='bbox 913 2068 1042 2121; x_wconf 87' lang='lat' dir='ltr'>Sex.</span> <span class='ocrx_word' id='word_1_136' title='bbox 1109 2070 1235 2121; x_wconf 90' lang='lat' dir='ltr'>Par.</span> <span class='ocrx_word' id='word_1_137' title='bbox 1340 2070 1424 2121; x_wconf 90' lang='lat' dir='ltr'>M.</span> <span class='ocrx_word' id='word_1_138' title='bbox 1573 2070 1626 2122; x_wconf 93' lang='lat' dir='ltr'>S.</span> <span class='ocrx_word' id='word_1_139' title='bbox 2455 2081 2500 2115; x_wconf 87' lang='lat'>2⁵</span> 
     </span>
     <span class='ocr_line' id='line_1_27' title="bbox 966 2137 1692 2210; baseline 0.006 -20"><span class='ocrx_word' id='word_1_140' title='bbox 966 2141 998 2190; x_wconf 94' lang='lat'>4</span> <span class='ocrx_word' id='word_1_141' title='bbox 1143 2141 1199 2192; x_wconf 84' lang='lat'>31</span> <span class='ocrx_word' id='word_1_142' title='bbox 1344 2142 1413 2193; x_wconf 87' lang='grc'>34</span> <span class='ocrx_word' id='word_1_143' title='bbox 1558 2142 1643 2194; x_wconf 89' lang='grc'>33.</span> <span class='ocrx_word' id='word_1_144' title='bbox 1673 2137 1692 2210; x_wconf 94' lang='grc' dir='ltr'>ΙΙ</span> 
     </span>
     <span class='ocr_line' id='line_1_28' title="bbox 659 2210 2535 2278; baseline 0.002 -17"><span class='ocrx_word' id='word_1_145' title='bbox 659 2210 815 2262; x_wconf 90' lang='lat' dir='ltr'>Vera</span> <span class='ocrx_word' id='word_1_146' title='bbox 836 2211 1021 2262; x_wconf 87' lang='lat' dir='ltr'>Lunae</span> <span class='ocrx_word' id='word_1_147' title='bbox 1042 2211 1287 2263; x_wconf 89' lang='lat' dir='ltr'>latitudo</span> <span class='ocrx_word' id='word_1_148' title='bbox 1309 2213 1383 2264; x_wconf 91' lang='lat' dir='ltr'>ad</span> <span class='ocrx_word' id='word_1_149' title='bbox 1403 2213 1668 2264; x_wconf 91' lang='lat' dir='ltr'>medium</span> <span class='ocrx_word' id='word_1_150' title='bbox 1690 2212 1948 2278; x_wconf 89' lang='lat' dir='ltr'>deliquij.</span> <span class='ocrx_word' id='word_1_151' title='bbox 2420 2221 2535 2264; x_wconf 77' lang='grc' dir='ltr'>1-14ν</span> 
     </span>
    </p>
   </div>
   <div class='ocr_carea' id='block_1_10' title="bbox 932 2282 1674 2336">
    <p class='ocr_par' dir='ltr' id='par_1_14' title="bbox 932 2282 1674 2336">
     <span class='ocr_line' id='line_1_29' title="bbox 932 2282 1674 2336; baseline 0.004 -3"><span class='ocrx_word' id='word_1_152' title='bbox 932 2282 1017 2333; x_wconf 94' lang='lat' dir='ltr'>M.</span> <span class='ocrx_word' id='word_1_153' title='bbox 1039 2282 1088 2334; x_wconf 89' lang='lat'>8.</span> <span class='ocrx_word' id='word_1_154' title='bbox 1236 2282 1289 2334; x_wconf 90' lang='lat' dir='ltr'>S.</span> <span class='ocrx_word' id='word_1_155' title='bbox 1313 2284 1384 2334; x_wconf 92' lang='lat'>14.</span> <span class='ocrx_word' id='word_1_156' title='bbox 1405 2284 1674 2336; x_wconf 82' lang='lat' dir='ltr'>borealis,</span> 
     </span>
    </p>
   </div>
   <div class='ocr_carea' id='block_1_11' title="bbox 200 2375 2498 2724">
    <p class='ocr_par' dir='ltr' id='par_1_15' title="bbox 200 2375 2498 2724">
     <span class='ocr_line' id='line_1_30' title="bbox 276 2375 2404 2444; baseline 0.001 -16"><span class='ocrx_word' id='word_1_157' title='bbox 276 2375 432 2428; x_wconf 93' lang='lat' dir='ltr'>Cum</span> <span class='ocrx_word' id='word_1_158' title='bbox 452 2379 623 2441; x_wconf 87' lang='lat' dir='ltr'>igitur</span> <span class='ocrx_word' id='word_1_159' title='bbox 642 2376 887 2427; x_wconf 90' lang='lat' dir='ltr'>latitudo</span> <span class='ocrx_word' id='word_1_160' title='bbox 904 2378 943 2438; x_wconf 71' lang='grc' dir='ltr'>(ζ</span> <span class='ocrx_word' id='word_1_161' title='bbox 962 2380 1210 2441; x_wconf 89' lang='lat' dir='ltr'>tempori</span> <span class='ocrx_word' id='word_1_162' title='bbox 1231 2393 1387 2429; x_wconf 85' lang='lat' dir='ltr'>verae</span> <span class='ocrx_word' id='word_1_163' title='bbox 1409 2378 1786 2443; x_wconf 89' lang='lat' dir='ltr'>oppofitionis</span> <span class='ocrx_word' id='word_1_164' title='bbox 1807 2379 2185 2444; x_wconf 70' lang='lat' dir='ltr'>respondem,</span> <span class='ocrx_word' id='word_1_165' title='bbox 2209 2382 2404 2430; x_wconf 91' lang='lat' dir='ltr'>minor</span> 
     </span>
     <span class='ocr_line' id='line_1_31' title="bbox 202 2446 2498 2515; baseline 0.002 -17"><span class='ocrx_word' id='word_1_166' title='bbox 202 2446 265 2498; x_wconf 89' lang='lat' dir='ltr'>fit</span> <span class='ocrx_word' id='word_1_167' title='bbox 296 2454 602 2512; x_wconf 88' lang='lat' dir='ltr'>aggregato</span> <span class='ocrx_word' id='word_1_168' title='bbox 636 2446 1218 2499; x_wconf 89' lang='lat' dir='ltr'>Semidiametrorum</span> <span class='ocrx_word' id='word_1_169' title='bbox 1251 2449 1437 2500; x_wconf 85' lang='lat' dir='ltr'>Lunae</span> <span class='ocrx_word' id='word_1_170' title='bbox 1472 2450 1523 2501; x_wconf 84' lang='lat'>&amp;</span> <span class='ocrx_word' id='word_1_171' title='bbox 1555 2451 1800 2511; x_wconf 87' lang='lat' dir='ltr'>vmbrae;</span> <span class='ocrx_word' id='word_1_172' title='bbox 1834 2457 1990 2515; x_wconf 90' lang='lat' dir='ltr'>patet</span> <span class='ocrx_word' id='word_1_173' title='bbox 2023 2451 2181 2514; x_wconf 90' lang='lat' dir='ltr'>quod</span> <span class='ocrx_word' id='word_1_174' title='bbox 2215 2451 2400 2511; x_wconf 91' lang='lat' dir='ltr'>Luna,</span> <span class='ocrx_word' id='word_1_175' title='bbox 2452 2461 2498 2496; x_wconf 90' lang='lat'>30</span> 
     </span>
     <span class='ocr_line' id='line_1_32' title="bbox 201 2518 2401 2586; baseline 0.002 -17"><span class='ocrx_word' id='word_1_176' title='bbox 201 2524 463 2582; x_wconf 90' lang='lat' dir='ltr'>tempore</span> <span class='ocrx_word' id='word_1_177' title='bbox 489 2518 667 2570; x_wconf 92' lang='lat' dir='ltr'>huius</span> <span class='ocrx_word' id='word_1_178' title='bbox 688 2518 999 2583; x_wconf 88' lang='lat' dir='ltr'>Plenilunij</span> <span class='ocrx_word' id='word_1_179' title='bbox 1024 2521 1282 2571; x_wconf 86' lang='lat' dir='ltr'>incurrat</span> <span class='ocrx_word' id='word_1_180' title='bbox 1301 2523 1363 2571; x_wconf 90' lang='lat' dir='ltr'>in</span> <span class='ocrx_word' id='word_1_181' title='bbox 1383 2521 1652 2573; x_wconf 91' lang='lat' dir='ltr'>vmbram</span> <span class='ocrx_word' id='word_1_182' title='bbox 1672 2529 1865 2581; x_wconf 86' lang='lat' dir='ltr'>terrae;</span> <span class='ocrx_word' id='word_1_183' title='bbox 1894 2521 1945 2572; x_wconf 88' lang='lat'>&amp;</span> <span class='ocrx_word' id='word_1_184' title='bbox 1971 2528 2280 2586; x_wconf 90' lang='lat' dir='ltr'>propterea</span> <span class='ocrx_word' id='word_1_185' title='bbox 2307 2522 2401 2573; x_wconf 94' lang='lat' dir='ltr'>de-</span> 
     </span>
     <span class='ocr_line' id='line_1_33' title="bbox 201 2588 2400 2654; baseline 0.002 -14"><span class='ocrx_word' id='word_1_186' title='bbox 201 2588 453 2653; x_wconf 89' lang='lat' dir='ltr'>liquium</span> <span class='ocrx_word' id='word_1_187' title='bbox 474 2590 739 2641; x_wconf 90' lang='lat' dir='ltr'>Luminis</span> <span class='ocrx_word' id='word_1_188' title='bbox 765 2592 1031 2654; x_wconf 86' lang='lat' dir='ltr'>patietur.</span> <span class='ocrx_word' id='word_1_189' title='bbox 1067 2589 1374 2653; x_wconf 88' lang='lat' dir='ltr'>Quantum</span> <span class='ocrx_word' id='word_1_190' title='bbox 1394 2608 1535 2643; x_wconf 87' lang='lat' dir='ltr'>vero</span> <span class='ocrx_word' id='word_1_191' title='bbox 1556 2595 1618 2643; x_wconf 91' lang='lat' dir='ltr'>in</span> <span class='ocrx_word' id='word_1_192' title='bbox 1639 2592 1852 2645; x_wconf 66' lang='lat' dir='ltr'>dietam</span> <span class='ocrx_word' id='word_1_193' title='bbox 1872 2593 2141 2645; x_wconf 89' lang='lat' dir='ltr'>vmbram</span> <span class='ocrx_word' id='word_1_194' title='bbox 2167 2596 2400 2644; x_wconf 88' lang='lat' dir='ltr'>immer-</span> 
     </span>
     <span class='ocr_line' id='line_1_34' title="bbox 200 2659 1627 2724; baseline 0.002 -12"><span class='ocrx_word' id='word_1_195' title='bbox 200 2666 382 2724; x_wconf 89' lang='lat' dir='ltr'>gatur,</span> <span class='ocrx_word' id='word_1_196' title='bbox 403 2659 870 2713; x_wconf 89' lang='lat' dir='ltr'>manifestabitur</span> <span class='ocrx_word' id='word_1_197' title='bbox 891 2661 1115 2713; x_wconf 90' lang='lat' dir='ltr'>collatis</span> <span class='ocrx_word' id='word_1_198' title='bbox 1136 2663 1627 2715; x_wconf 80' lang='lat' dir='ltr'>antecedentibus,</span> 
     </span>
    </p>
   </div>
   <div class='ocr_carea' id='block_1_12' title="bbox 491 2766 2107 2838">
    <p class='ocr_par' dir='ltr' id='par_1_16' title="bbox 491 2766 2107 2838">
     <span class='ocr_line' id='line_1_35' title="bbox 491 2766 2107 2838; baseline 0.001 -19"><span class='ocrx_word' id='word_1_199' title='bbox 491 2768 587 2820; x_wconf 90' lang='lat' dir='ltr'>De</span> <span class='ocrx_word' id='word_1_200' title='bbox 609 2766 822 2835; x_wconf 83' lang='lat' dir='ltr'>digitis</span> <span class='ocrx_word' id='word_1_201' title='bbox 841 2766 1168 2834; x_wconf 78' lang='lat' dir='ltr'>Eclipticis</span> <span class='ocrx_word' id='word_1_202' title='bbox 1191 2770 1293 2820; x_wconf 83' lang='lat' dir='ltr'>Vel</span> <span class='ocrx_word' id='word_1_203' title='bbox 1310 2769 1743 2837; x_wconf 81' lang='lat' dir='ltr'>magnitudine</span> <span class='ocrx_word' id='word_1_204' title='bbox 1764 2769 2018 2838; x_wconf 66' lang='lat' dir='ltr'>deliquii</span> <span class='ocrx_word' id='word_1_205' title='bbox 2037 2773 2076 2833; x_wconf 74' lang='grc' dir='ltr'>(ζ</span> <span class='ocrx_word' id='word_1_206' title='bbox 2097 2811 2107 2821; x_wconf 93' lang='grc'><strong>.</strong></span> 
     </span>
    </p>
   </div>
   <div class='ocr_carea' id='block_1_13' title="bbox 341 2853 2495 3189">
    <p class='ocr_par' dir='ltr' id='par_1_17' title="bbox 341 2853 2495 3189">
     <span class='ocr_line' id='line_1_36' title="bbox 1949 2853 2495 2906; baseline 0.002 -2"><span class='ocrx_word' id='word_1_207' title='bbox 1949 2853 2098 2906; x_wconf 92' lang='lat' dir='ltr'>Min.</span> <span class='ocrx_word' id='word_1_208' title='bbox 2166 2853 2255 2906; x_wconf 91' lang='lat' dir='ltr'>Se.</span> <span class='ocrx_word' id='word_1_209' title='bbox 2449 2864 2495 2899; x_wconf 85' lang='lat'>3⁵</span> 
     </span>
     <span class='ocr_line' id='line_1_37' title="bbox 342 2921 2255 2986; baseline 0.002 -14"><span class='ocrx_word' id='word_1_210' title='bbox 342 2921 735 2986; x_wconf 85' lang='lat' dir='ltr'>Aggregatum</span> <span class='ocrx_word' id='word_1_211' title='bbox 753 2921 1130 2974; x_wconf 86' lang='lat' dir='ltr'>semidiamet.</span> <span class='ocrx_word' id='word_1_212' title='bbox 1993 2924 2060 2976; x_wconf 88' lang='lat'>63</span> <span class='ocrx_word' id='word_1_213' title='bbox 2182 2925 2255 2976; x_wconf 90' lang='lat'>41.</span> 
     </span>
     <span class='ocr_line' id='line_1_38' title="bbox 341 2992 2254 3048; baseline 0.002 -5"><span class='ocrx_word' id='word_1_214' title='bbox 341 2992 497 3044; x_wconf 87' lang='lat' dir='ltr'>Vera</span> <span class='ocrx_word' id='word_1_215' title='bbox 516 2992 761 3044; x_wconf 91' lang='lat' dir='ltr'>latitudo</span> <span class='ocrx_word' id='word_1_216' title='bbox 783 2993 970 3044; x_wconf 86' lang='lat' dir='ltr'>Lunae</span> <span class='ocrx_word' id='word_1_217' title='bbox 2027 2996 2061 3048; x_wconf 92' lang='lat'>8</span> <span class='ocrx_word' id='word_1_218' title='bbox 2183 2996 2254 3047; x_wconf 90' lang='lat'>14.</span> 
     </span>
     <span class='ocr_line' id='line_1_39' title="bbox 343 3062 2254 3130; baseline 0.003 -16"><span class='ocrx_word' id='word_1_219' title='bbox 343 3062 630 3127; x_wconf 89' lang='lat' dir='ltr'>Scrupula</span> <span class='ocrx_word' id='word_1_220' title='bbox 649 3063 878 3128; x_wconf 88' lang='lat' dir='ltr'>reliqua</span> <span class='ocrx_word' id='word_1_221' title='bbox 898 3064 968 3116; x_wconf 90' lang='lat' dir='ltr'>de</span> <span class='ocrx_word' id='word_1_222' title='bbox 989 3064 1217 3116; x_wconf 84' lang='lat' dir='ltr'>summa</span> <span class='ocrx_word' id='word_1_223' title='bbox 1237 3065 1529 3130; x_wconf 78' lang='lat' dir='ltr'>Vtriusque</span> <span class='ocrx_word' id='word_1_224' title='bbox 1550 3065 1931 3119; x_wconf 83' lang='lat' dir='ltr'>semidiamet:</span> <span class='ocrx_word' id='word_1_225' title='bbox 1991 3067 2060 3119; x_wconf 89' lang='grc'>55</span> <span class='ocrx_word' id='word_1_226' title='bbox 2169 3067 2254 3119; x_wconf 87' lang='grc'>27.</span> 
     </span>
     <span class='ocr_line' id='line_1_40' title="bbox 341 3132 2254 3189; baseline 0.003 -5"><span class='ocrx_word' id='word_1_227' title='bbox 341 3132 524 3185; x_wconf 92' lang='lat' dir='ltr'>Totus</span> <span class='ocrx_word' id='word_1_228' title='bbox 545 3134 731 3186; x_wconf 84' lang='lat' dir='ltr'>Lunae</span> <span class='ocrx_word' id='word_1_229' title='bbox 753 3135 1035 3186; x_wconf 89' lang='lat' dir='ltr'>diameter</span> <span class='ocrx_word' id='word_1_230' title='bbox 1992 3138 2061 3189; x_wconf 87' lang='lat'>34</span> <span class='ocrx_word' id='word_1_231' title='bbox 2170 3138 2254 3189; x_wconf 89' lang='lat'>20.</span> 
     </span>
    </p>
   </div>
   <div class='ocr_carea' id='block_1_14' title="bbox 2218 3209 2397 3274">
    <p class='ocr_par' dir='ltr' id='par_1_18' title="bbox 2218 3209 2397 3274">
     <span class='ocr_line' id='line_1_41' title="bbox 2218 3209 2397 3274; baseline 0 -14"><span class='ocrx_word' id='word_1_232' title='bbox 2218 3209 2397 3274; x_wconf 88' lang='lat' dir='ltr'>Digiti</span> 
     </span>
    </p>
   </div>
  </div>
 </body>
</html>
