2678 4069
820 244 1512 300 ANNOTATIONES
1539 248 1941 300 EDITORIS
2380 249 2470 301 315

338 382 406 424 ad
426 394 474 435 p.
497 381 654 437 237‚13]
687 382 752 424 cf.
789 381 1087 437 Centiloqu.
1121 385 1168 428 8:
1205 386 1447 439 »Sapiens
1482 388 1659 429 anima
1693 388 1897 430 confert
1929 388 2130 430 coelesti
2163 388 2469 442 operationi,

280 453 738 505 quemadmodum
766 455 996 507 optimus
1024 456 1254 509 agricola
1283 458 1484 500 arando
1512 459 1956 512 expurgandoque
1986 459 2191 501 confert
2219 462 2467 501 naturae«

280 523 524 564 Ceterum
562 524 893 575 Ptolemaeus,
929 537 1088 578 quem
1126 526 1210 568 hic
1250 539 1356 569 non
1394 528 1646 579 nominat,
1682 533 1892 572 rectene
1929 528 2255 582 Centiloquii
2286 532 2472 571 auctor

277 593 552 636 habendus
583 598 734 645 esset,
766 606 832 637 ex
861 595 964 638 alio
993 596 1113 638 loco
1143 597 1209 651 (p.
1244 597 1396 654 164,2⁶)
1424 599 1733 652 Tychonem
1764 600 1950 642 merito
1981 601 2247 643 dubitasse
2280 600 2471 653 perspi-

279 675 441 707 cuum
463 668 555 706 est.

339 735 406 777 ad
427 747 475 788 p.
499 735 656 792 276‚19]
679 735 830 778 ovid.
859 735 1013 779 Trist.
1038 738 1224 789 1114,25.

325 848 458 906 AD
487 847 1261 910 TRIANGULORUM
1292 851 1635 910 PRAXIN
1665 852 2427 912 ARITHMETICAM.

336 948 513 990 Brevis
541 952 620 990 est
645 948 913 999 institutio,
943 962 1063 1002 quae
1090 952 1242 993 nullis
1270 951 1458 993 additis
1485 952 1815 994 documentis
1842 953 2114 1006 triangula,
2144 965 2268 995 cum
2295 954 2467 1006 plana,

275 1023 390 1061 tum
417 1019 697 1072 sphaerica,
727 1020 933 1062 solvere
961 1021 1130 1063 docet.
1157 1022 1335 1064 Unum
1362 1034 1499 1065 nunc
1528 1026 1699 1065 exstat
1726 1025 2043 1076 exemplum,
2072 1025 2123 1065 in
2151 1024 2470 1066 Bibliotheca

273 1089 626 1132 universitatis
640 1091 909 1145 Pragensis
931 1096 1281 1143 asservatum,
1300 1094 1440 1146 quod
1462 1097 1581 1147 post
1597 1094 1792 1136 Rhetici
1807 1085 2055 1144 libellum,
2074 1096 2160 1147 qui
2174 1095 2471 1137 inscribitur

277 1160 463 1204 Canon
493 1159 753 1204 doctrinae
783 1160 1166 1214 triangulorum
1196 1164 1406 1219 (Lipsiae
1438 1164 1582 1220 1551),
1606 1166 1692 1217 qui
1719 1165 2001 1207 duodecim
2027 1165 2149 1207 solis
2177 1165 2310 1207 foliis
2337 1165 2387 1206 in
2413 1164 2464 1206 40

277 1236 486 1275 constat
512 1235 563 1275 et
588 1233 640 1274 in
665 1233 831 1275 tribus
857 1233 1057 1287 paginis
1084 1235 1333 1277 extremis
1361 1236 1596 1290 ejusdem
1623 1237 1824 1289 generis
1851 1239 2118 1289 praecepta
2140 1236 2364 1285 exhibet,
2388 1246 2470 1277 eo-

278 1305 402 1347 dem
433 1315 538 1357 quo
568 1304 652 1346 ille
682 1305 958 1346 involucro
985 1305 1233 1347 vestitum
1263 1309 1355 1348 est.
1389 1306 1632 1348 Ceterum
1662 1307 1805 1348 haud
1831 1319 2018 1360 paucae
2046 1307 2249 1361 paginae
2279 1309 2474 1348 vacant

275 1375 551 1429 scriptura,
569 1375 640 1417 ita
661 1377 718 1416 ut
737 1376 1114 1428 supplementis
1136 1377 1285 1419 locus
1306 1376 1480 1428 fuerit3
1505 1377 1556 1418 in
1571 1377 1696 1419 folio
1714 1380 1892 1419 autem
1912 1378 1981 1419 13r
1996 1379 2298 1431 exemplum
2314 1377 2473 1430 quod—

276 1447 403 1489 dam
431 1446 758 1499 adscriptum
788 1446 1125 1500 significatur,
1153 1448 1294 1500 quod
1324 1459 1429 1489 non
1460 1451 1644 1490 exstat.
1670 1448 1768 1490 Hic
1800 1449 1970 1490 codex
2000 1460 2138 1490 anno
2169 1448 2280 1490 1886
2309 1461 2339 1489 a
2367 1448 2414 1489 F.
2434 1448 2469 1488 I.

276 1517 580 1568 StudnicKa,
605 1517 692 1570 qui
718 1520 832 1559 tum
859 1517 1129 1570 professor
1157 1518 1424 1572 Pragensis
1455 1522 1582 1570 erat,
1606 1519 1735 1561 lucis
1758 1530 1856 1572 ope
1878 1531 2126 1572 expressa
2148 1522 2198 1561 et
2219 1519 2357 1561 edita
2379 1521 2470 1568 est,

274 1590 346 1631 ita
366 1592 423 1631 ut
444 1588 646 1642 species
666 1589 944 1641 scripturae
966 1589 1120 1631 facile
1141 1593 1334 1642 pateat.
1354 1590 1462 1632 Nec
1484 1593 1656 1643 potest
1676 1591 1916 1640 dubitari,
1935 1590 2057 1643 quin
2078 1591 2195 1632 haec
2213 1590 2471 1643 scriptura

274 1660 453 1710 nitida,
478 1662 529 1701 et
550 1672 670 1712 quae
692 1659 846 1702 facile
866 1660 1083 1714 legatur,
1101 1660 1260 1713 ipsius
1271 1660 1310 1701 T
1312 1661 1535 1713 ychonis
1556 1672 1661 1702 non
1681 1661 1760 1711 sit,
1784 1662 1924 1714 quod
1945 1662 2164 1714 putabat
2184 1661 2266 1703 ille
2288 1661 2468 1702 editor.

275 1731 491 1773 Etiamsi
523 1731 664 1772 enim
697 1732 834 1772 lente
869 1743 931 1773 ac
966 1731 1234 1785 diligenter
1253 1731 1434 1784 Tycho
1467 1732 1746 1782 scribebat,
1782 1732 2107 1785 compendiis
2138 1732 2468 1784 quibusdam,

276 1815 396 1856 quae
423 1802 508 1844 hic
537 1802 740 1852 desunt,
763 1814 1058 1855 numquam
1085 1814 1192 1844 non
1217 1803 1479 1844 utebatur.
1503 1804 1761 1845 Praeterea
1788 1803 1956 1844 littera
1980 1802 2026 1844 Μ
2049 1803 2294 1856 singulari
2315 1805 2471 1855 atque

275 1873 512 1928 eleganti,
542 1885 663 1926 quae
690 1872 741 1914 in
769 1873 954 1915 codice
983 1873 1259 1924 invenitur,
1282 1886 1576 1926 numquam
1595 1873 1779 1927 Tycho
1804 1885 1928 1915 usus
1955 1876 2047 1923 est,
2071 1874 2158 1926 qui
2184 1884 2279 1926 pro
2309 1872 2355 1914 Μ
2386 1873 2472 1914 ad-

273 1945 440 1987 hibuit
460 1955 673 1997 semper
693 1944 923 1986 litteram
945 1954 994 1985 m
1017 1944 1068 1985 in
1090 1944 1351 1998 majorem
1372 1944 1604 1986 formam
1625 1945 1914 1986 redactam.
1939 1945 2107 1985 Etiam
2128 1955 2322 1986 nomen
2344 1944 2469 1997 ejuS,

275 2016 415 2069 quod
443 2015 494 2057 in
522 2015 674 2057 titulo
706 2015 952 2065 occurrit,
985 2028 1015 2057 a
1045 2015 1429 2069 subscriptione
1460 2015 1569 2069 ejus
1596 2016 1722 2057 satis
1750 2015 1939 2066 differt,
1969 2003 2092 2057 cum
2118 2014 2409 2056 litterarum
2430 2013 2470 2055 T

276 2087 316 2129 B
339 2086 370 2128 h
393 2086 596 2140 species
618 2086 894 2139 discrepet.

335 2158 393 2199 In
418 2157 569 2199 titulo
597 2157 702 2199 duo
731 2157 856 2207 dies,
881 2157 1090 2199 Calend.
1110 2157 1138 2208 J
1143 2169 1325 2199 anuar.
1354 2157 1459 2199 1591
1495 2160 1545 2199 et
1579 2157 1630 2199 13
1661 2157 1765 2199 Cal.
1789 2157 1942 2199 Xbris
1976 2156 2102 2207 1595,
2126 2156 2467 2209 reperiuntur.

273 2229 417 2271 Prior
446 2229 488 2271 is
518 2240 633 2271 esse
659 2228 881 2278 videtur,
906 2239 1010 2281 quo
1041 2229 1273 2282 primum
1303 2229 1622 2281 exemplum,
1646 2229 1799 2280 quale
1829 2239 1966 2269 nunc
1998 2230 2187 2277 exstat,
2216 2226 2469 2280 scriptum

273 2302 356 2342 vel
379 2300 699 2349 absolutum,
716 2299 977 2352 posterior
996 2299 1054 2350 is,
1072 2311 1176 2352 quo
1198 2300 1300 2342 hoc
1323 2300 1627 2352 exemplum
1643 2299 1965 2352 descriptum
1981 2301 2072 2340 est.
2091 2298 2315 2339 Fuerunt
2330 2297 2469 2338 enim

275 2373 428 2425 plura
455 2371 716 2423 exempla,
741 2369 928 2423 quibus
956 2371 1223 2424 adjutores
1242 2370 1506 2424 Tychonis
1534 2371 1602 2412 ad
1629 2371 1861 2412 calculos
1884 2369 2113 2422 quotidie
2135 2371 2470 2410 occurrentes

275 2444 561 2485 uterentur.
573 2442 716 2482 Patet
731 2440 834 2482 hoc
851 2451 916 2482 ex
931 2441 1091 2494 ipsius
1099 2441 1138 2482 T
1140 2441 1363 2494 ychonis
1378 2441 1568 2491 verbis,
1580 2441 1766 2494 quibus
1781 2441 1832 2482 in
1848 2440 2068 2494 epistula
2084 2440 2131 2481 d.
2153 2439 2205 2480 14
2217 2452 2285 2481 m.
2299 2438 2472 2480 Martii

277 2513 399 2555 anni
430 2512 542 2554 1592
573 2512 641 2553 ad
672 2511 967 2565 Hagecium
988 2512 1112 2554 data
1134 2513 1309 2562 utitur,
1338 2512 1427 2554 ubi
1449 2511 1753 2554 Raimarum
1776 2512 1972 2554 Ursum
1994 2521 2131 2552 anno
2157 2510 2268 2551 1584
2290 2510 2472 2552 Urani-

276 2583 425 2637 burgi
451 2585 755 2625 versantem
782 2593 889 2624 non
914 2583 1089 2624 solum
1116 2583 1521 2626 delineationem
1547 2582 1849 2636 systematis
1868 2580 2169 2635 Tychonici,
2193 2581 2285 2622 sed
2312 2581 2471 2622 etiam

276 2654 534 2696 formulas
551 2664 690 2695 anno
711 2652 822 2695 1580
838 2665 868 2694 a
880 2653 1131 2707 Tychone
1145 2654 1301 2696 simul
1317 2666 1441 2697 cum
1456 2655 1613 2696 Paulo
1623 2653 1892 2695 Wittichio
1907 2655 2157 2705 repertas,
2170 2651 2356 2704 quibus
2372 2651 2472 2692 cal-

276 2725 379 2767 culi
394 2725 462 2766 ad
477 2724 736 2778 triangula
757 2724 1074 2777 pertinentes
1090 2725 1353 2768 faciliores
1368 2725 1729 2775 redderentur,
1747 2725 1887 2766 clam
1903 2722 2255 2776 descripsisse,
2273 2724 2323 2763 et
2337 2724 2472 2774 post-

276 2808 439 2849 quam
466 2806 606 2837 anno
639 2794 752 2837 1586
782 2795 1021 2838 Cassellis
1048 2807 1268 2838 versans
1295 2807 1430 2838 voce
1459 2795 1801 2849 exposuisset,
1830 2795 1881 2836 in
1907 2793 1955 2835 F
1956 2792 2281 2835 undamento
2303 2792 2472 2834 astro-

275 2864 492 2909 nomico
511 2866 863 2921 (Argentorati
887 2865 1017 2923 1588)
1043 2869 1323 2920 tamquam
1349 2878 1473 2909 suas
1494 2866 1794 2920 publicasse
1816 2865 2062 2919 queritur.
2087 2865 2168 2906 Sic
2191 2863 2330 2905 enim
2351 2863 2472 2905 scri-

276 2938 370 2980 bit:
398 2936 696 2987 »Quantum
724 2937 792 2978 ad
817 2936 1106 2992 triangulos
1134 2938 1331 2988 attinet,
1355 2937 1555 2980 videbis
1581 2948 1677 2979 suo
1705 2937 1824 2978 loco
1851 2936 1903 2977 in
1930 2936 2180 2978 nonnullo
2203 2934 2377 2987 aliquo
2398 2936 2471 2975 to-

276 3019 491 3051 morum
521 3018 768 3049 meorum
799 3008 998 3061 aliquot
1027 3009 1170 3051 circa
1200 3009 1318 3051 haec
1350 3008 1616 3062 dogmata,
1641 3019 1760 3060 quae
1791 3007 1922 3049 meis
1956 3005 2200 3048 studiosis
2216 3005 2328 3059 jam
2351 3007 2470 3046 ante

276 3078 533 3132 plurimos
560 3089 728 3120 annos
757 3079 1074 3133 praescripsi,
1097 3082 1154 3121 ut
1180 3079 1474 3121 faciliorem
1501 3078 1620 3121 inde
1641 3078 1898 3120 haberent
1918 3076 2107 3119 calculi
2128 3075 2469 3118 astronomici

276 3148 553 3191 rationem.
573 3149 809 3202 Cumque
829 3149 881 3190 in
901 3150 1112 3204 singulis
1134 3150 1328 3192 mensis
1344 3149 1533 3192 musaei
1546 3149 1710 3191 nostri
1725 3148 1917 3190 horum
1933 3147 2253 3199 descriptum
2268 3144 2469 3187 intuitui

275 3219 494 3273 patebat
513 3218 599 3275 (ex
615 3230 719 3272 quo
736 3220 951 3273 quilibet
965 3220 1132 3262 ferme
1148 3232 1335 3262 eorum
1350 3221 1615 3274 peculiare
1631 3220 1698 3261 ad
1714 3230 1903 3260 manus
1918 3218 2149 3259 habebat
2164 3214 2465 3269 exemplar),

275 3289 588 3332 facillimum
615 3290 711 3332 fuit
736 3291 858 3333 huic
881 3291 1019 3334 Urso
1045 3294 1124 3333 tot
1150 3291 1260 3333 dies
1290 3291 1573 3333 subdolum
1594 3289 1886 3343 parasitum
1908 3288 2078 3341 agenti
2097 3287 2194 3328 ista
2216 3286 2464 3334 lambere,

420 3374 488 3408 40*
