2678 4069
258 104 324 154 82
824 92 1364 146 APPENDICES
1391 93 1512 143 AD
1541 92 1874 143 LIBRUM

327 2073 359 2131 Ψ
380 2077 433 2122 et
452 2075 487 2129 9
505 2069 775 2120 videntur
785 2069 1075 2119 Autumni
1090 2067 1572 2132 gubernationem
1586 2066 1686 2118 fibi
1701 2083 1989 2131 arrogare,
2006 2083 2128 2118 non
2143 2066 2373 2119 excluso
2392 2072 2445 2127 ψ

259 2141 332 2192 est
359 2144 517 2192 enim
545 2142 577 2200 ζὲ
601 2142 866 2203 proxime
893 2142 955 2190 in
975 2139 1191 2203 angulo
1212 2138 1484 2202 sequente
1505 2139 1808 2203 ingressum
1834 2141 1892 2198 Θ
1918 2141 1979 2189 in
2006 2143 2061 2196 Q
2088 2138 2290 2202 inipso
2312 2138 2446 2190 coeli

260 2212 529 2271 culmine,
551 2214 612 2261 in
634 2211 840 2262 eodem
854 2210 1239 2273 triplicitatem
1261 2209 1502 2269 habenS‚
1519 2209 1570 2260 &
1585 2210 1817 2261 Lunam
1831 2209 2091 2273 opposito
2106 2209 2348 2273 desuper
2361 2213 2445 2260 in-

258 2289 449 2333 tuetur
474 2282 654 2333 radi0.
692 2286 729 2339 ⁹4
753 2287 950 2332 autem
977 2280 1250 2331 dominus
1271 2280 1649 2331 Ascendentis
1671 2283 1859 2331 existit
1880 2280 1931 2331 8(
1951 2283 2013 2331 in
2033 2280 2175 2331 locis
2195 2280 2446 2332 lumina-

257 2356 411 2403 rium
430 2352 815 2416 triplicitatem
835 2351 1025 2411 habet,
1047 2367 1114 2403 ac
1129 2354 1291 2403 iuxta
1305 2351 1588 2415 angulum
1604 2351 1916 2402 occidentis
1931 2351 2248 2402 collocatur
2261 2351 2445 2403 statio-

258 2427 475 2483 nariuS,
503 2423 746 2473 Veneris
776 2429 973 2474 autem
1003 2422 1167 2474 stella
1197 2423 1526 2473 dominium
1555 2422 1755 2486 anguli
1783 2422 2071 2485 sequentis
2100 2421 2275 2473 habet
2305 2421 2356 2473 8(
2384 2425 2446 2473 in

257 2494 376 2557 ipso
397 2493 612 2558 angulo
633 2493 751 2544 fere
771 2493 1049 2556 partiliter
1070 2493 1402 2552 collocatur,
1423 2496 1485 2543 in
1506 2496 1671 2544 cuius
1686 2500 1959 2544 naturam
1975 2493 2306 2544 Mercurius
2320 2492 2445 2556 plu-

258 2567 474 2615 rimum
492 2567 710 2623 transit,
733 2579 867 2614 cum
887 2563 948 2614 fit
968 2567 1030 2614 in
1051 2567 1176 2615 eius
1197 2564 1374 2615 domo
1397 2563 1447 2614 8(
1468 2567 1717 2614 termino
1738 2563 1956 2627 ipfique
1974 2563 2181 2627 platice
2199 2562 2444 2615 iunctus

258 2635 344 2685 Ex
377 2634 487 2686 hac
521 2637 927 2685 constitutione
960 2634 1227 2699 syderum
1259 2635 1453 2686 iudico
1487 2650 1768 2686 amenum
1802 2634 1853 2685 8(
1884 2635 2126 2686 suauem
2155 2635 2446 2685 Autumni

258 2712 486 2765 statum,
514 2720 946 2768 nonnunquam
972 2705 1256 2765 serenum,
1284 2721 1719 2769 nonnunquam
1744 2704 2058 2756 humidum
2082 2705 2133 2756 8(
2156 2705 2445 2756 foecundis

257 2776 473 2839 pluuiis
499 2776 848 2835 madentem,
876 2792 1090 2840 magna
1115 2783 1313 2828 tamen
1341 2792 1412 2827 ex
1438 2784 1600 2840 parte
1629 2776 1884 2827 calidum
1909 2783 2120 2840 praeter
2146 2776 2444 2827 consuetu—

258 2846 470 2906 dinem,
486 2845 795 2897 flatuosum
810 2850 985 2898 etiam
1001 2847 1052 2897 8(
1067 2848 1279 2898 crebris
1293 2850 1479 2898 ventis
1494 2847 1864 2898 instabilitate
1880 2846 2138 2910 quadam
2153 2846 2444 2906 refertum,

256 2916 313 2967 id
335 2917 408 2967 ob
432 2919 463 2976 ἴ
483 2916 826 2976 dominium,
849 2920 1030 2981 quiin
1056 2921 1112 2977 [J
1139 2918 1462 2969 radiatione
1484 2917 1557 2969 ad
1579 2917 1876 2981 Aquilam.

2160 3200 2443 3250 Almuten

2473 229 2560 271 27ν

2499 2715 2541 2750 10
