2678 4069
235 182 390 231 XLII
783 169 1447 224 PROLEGOMENA
1473 167 1875 219 EDITORIS

234 320 357 359 dum
380 314 590 356 rationis
612 314 747 364 leges
769 310 1118 362 consequitur,
1137 308 1385 350 continuo
1407 309 1550 349 certe
1569 317 1877 359 progressus
1892 309 1984 348 est.
2003 305 2416 358 Nonnumquam

234 388 389 429 etiam
423 382 617 437 opinati
649 384 768 423 sunt
800 380 1030 432 quidam,
1057 378 1169 432 jam
1203 378 1417 430 antiquo
1451 387 1570 419 aevo
1603 379 1788 418 notum
1821 376 1979 418 fuisse
2009 376 2134 418 illud
2163 379 2414 429 systema.

233 452 567 498 RAIMARUS
598 450 823 500 URSUS,
846 449 1086 491 inimicus
1105 448 1144 489 T
1146 448 1385 501 ychonis,
1409 446 1496 500 qui
1515 446 1688 500 ipsum
1715 457 1771 489 se
1797 449 2034 500 systema
2052 446 2416 500 Tychonicum

229 525 484 568 invenisse
518 519 882 571 contendebat,
916 531 1039 561 cum
1067 518 1249 572 Tycho
1284 529 1406 560 eum
1439 517 1673 559 furatum
1706 528 1820 559 esse
1851 517 2193 568 insimularet,
2225 516 2418 558 APOL-

231 594 439 638 LONIO
474 594 682 646 Pergaeo
716 592 899 632 notum
932 589 1090 631 fuisse
1123 588 1425 639 affirmavit,
1459 588 1601 641 quod
1630 590 1816 641 postea
1844 587 2080 630 nonnulli
2108 587 2415 640 probarunt.

230 666 380 716 Quod
410 667 465 705 ut
494 662 759 710 refutaret,
790 660 829 701 T
830 660 1054 713 ychonis
1082 660 1296 702 hortatu
1327 670 1466 701 anno
1501 657 1607 700 1601
1643 657 1978 700 KEPLERUS
2009 657 2417 711 disputationem

229 738 412 778 contra
430 733 623 775 Ursum
644 731 864 784 scripsit,
888 742 1007 783 quae
1027 729 1319 772 recentiore
1341 730 1559 772 demum
1579 732 1820 782 tempore
1840 728 1975 771 inter
1995 739 2157 781 opera
2178 728 2288 782 ejus
2310 739 2419 770 om-

228 806 311 847 nia
334 804 471 846 edita
492 806 582 845 est.
608 802 822 844 Constat
849 812 986 842 nunc
1009 800 1142 843 inter
1163 811 1363 852 omnes,
1385 803 1622 853 systema
1641 798 2005 852 Tychonicum
2026 811 2191 840 unum
2211 801 2417 840 tantum

228 875 527 927 exemplum
549 884 664 915 esse
683 872 904 914 theoriae
924 870 1058 913 illius
1079 871 1334 925 generalis
1354 870 1674 912 circulorum
1689 869 1965 912 mobilium
1981 869 2415 920 eccentricorum,

228 958 345 999 quae
373 956 495 986 cum
516 942 775 996 Apollonii
801 941 1014 984 nomine
1041 943 1323 996 conjuncta
1351 944 1443 992 est,
1467 941 1563 983 etsi
1589 940 1673 983 hic
1701 941 1789 982 vix
1815 941 2016 995 primus
2043 940 2330 994 proposuit.
2361 940 2419 982 In

226 1017 327 1057 hac
356 1014 591 1057 omnium
618 1014 951 1067 planetarum
978 1012 1271 1055 orbitarum
1298 1014 1481 1054 centra
1507 1014 1711 1054 rectam
1737 1011 1932 1054 lineam
1959 1011 2275 1062 efficiebant,
2298 1022 2418 1064 quae

226 1098 318 1140 per
331 1086 546 1127 Terram
564 1087 719 1137 atque
735 1083 912 1125 Solem
932 1083 1063 1135 ibat;
1085 1083 1137 1124 in
1157 1085 1446 1136 systemate
1460 1082 1765 1136 Tychonico
1783 1082 1961 1125 omnia
1975 1082 2027 1124 in
2041 1094 2206 1124 unum
2221 1083 2415 1133 locum,

227 1157 358 1199 Solis
379 1159 635 1205 centrum,
660 1158 849 1197 coacta
870 1157 1003 1196 sunt.
1020 1154 1280 1207 Tempore
1299 1164 1428 1196 vero
1449 1153 1810 1196 recentissimo
1833 1152 2416 1203 SCHIAPARELLIUS,

226 1228 515 1281 praeclarus
535 1226 619 1268 ille
641 1229 977 1268 astronomus
999 1224 1418 1277 Graecorumque
1441 1224 1784 1267 astronomiae
1804 1224 2159 1278 investigator,
2182 1226 2418 1277 systema

224 1298 584 1351 Tychonicum
623 1299 808 1338 notum
846 1295 1005 1338 fuisse
1044 1295 1311 1338 contendit
1350 1294 1711 1337 HERACLIDI
1751 1294 1979 1346 Pontico,
2016 1294 2103 1348 qui
2134 1294 2441 1358 Alexandri,

225 1368 400 1422 magni
428 1367 769 1421 temporibus,
802 1370 1014 1409 centum
1044 1366 1153 1408 fere
1184 1365 1332 1408 annis
1363 1368 1484 1408 ante
1509 1365 1863 1419 Apollonium,
1892 1365 2126 1417 vivebat3
2159 1377 2222 1408 ac
2254 1365 2420 1408 credit

226 1440 400 1491 etiam,
417 1438 617 1492 longius
637 1438 783 1479 illum
804 1449 1140 1491 progressum
1161 1448 1291 1487 esse,
1309 1448 1433 1479 cum
1455 1439 1576 1479 ante
1589 1436 1955 1479 Aristarchum
1969 1436 2187 1478 Terram
2209 1446 2419 1489 quoque

228 1510 368 1552 circa
395 1509 571 1551 Solem
598 1508 802 1551 moveri
831 1508 1060 1550 doceret.
1082 1508 1149 1549 At
1176 1518 1299 1550 cum
1328 1510 1533 1550 certum
1560 1507 1802 1550 videatur
1829 1507 2077 1549 Mercurii
2096 1506 2420 1560 Venerisque

228 1580 519 1623 orbitarum
552 1582 732 1622 centra
765 1578 1104 1621 Heraclidem
1132 1578 1184 1620 in
1214 1578 1333 1620 Sole
1362 1578 1600 1632 posuisse
1629 1581 1680 1621 et
1710 1578 1929 1620 Terram
1957 1577 2016 1619 24
2043 1577 2189 1620 horis
2218 1577 2420 1620 revolvi

229 1651 483 1702 docuisse,
506 1654 619 1692 tum
648 1649 862 1703 propius
891 1652 1127 1703 systema
1146 1649 1510 1702 Tychonicum
1537 1661 1659 1692 eum
1687 1649 1974 1692 accessisse
2000 1659 2158 1691 nemo
2186 1648 2421 1702 antiquo-

228 1734 346 1763 rum
373 1722 690 1775 scriptorum
715 1723 951 1762 testatur.
976 1719 1130 1770 Quod
1150 1731 1278 1762 vero
1301 1720 1368 1762 ad
1387 1720 1563 1763 Terrae
1586 1724 1792 1763 motum
1814 1720 2011 1771 attinet,
2035 1722 2178 1762 certe
2197 1722 2421 1761 testatur

227 1781 461 1835 AE'TIUS
489 1791 877 1845 doxographus,
901 1790 1239 1833 Heraclidem
1259 1791 1477 1833 Terram
1507 1791 1711 1834 moveri
1738 1790 1996 1842 docuisse,
2023 1802 2219 1844 »neque
2238 1793 2420 1832 tamen

228 1863 662 1917 progredientem,
679 1873 866 1904 verum
880 1873 936 1904 se
950 1865 1268 1904 vertentem«
1288 1857 1367 1910 (οὐ
1391 1858 1487 1914 μήν
1506 1875 1562 1914 γε
1585 1858 1940 1915 μεταβατικῶς,
1962 1857 2091 1903 ἀλλὰ
2111 1856 2419 1913 τρεπτικῶς),

229 1934 258 1976 i.
276 1945 318 1976 e.
336 1934 735 1976 revolventem1.
757 1932 1210 1975 ARISTARCHUS
1240 1936 1433 1984 autem,
1456 1932 1599 1986 prius
1627 1945 1789 1986 quam
1815 1932 2134 1986 hypothesin
2162 1932 2421 1975 heliocen-

228 2005 417 2047 tricam
437 2007 670 2058 poneret,
686 2015 779 2057 per
798 2003 1011 2045 illamne
1033 2003 1333 2057 opinionem
1348 2003 1492 2045 viam
1508 2003 1605 2046 sibi
1620 2003 1915 2054 muniverit,
1934 2003 2161 2057 quinque
2180 2004 2419 2057 planetas

231 2075 371 2117 circa
393 2075 568 2117 Solem
590 2074 807 2125 moveri,
829 2074 949 2116 sciri
970 2085 1075 2116 non
1095 2077 1281 2128 potest.
1307 2074 1442 2116 Nihil
1463 2074 1615 2128 igitur
1635 2078 1728 2124 est,
1752 2075 1893 2127 quod
1914 2077 2150 2128 systema
2164 2074 2421 2128 Tychoni-

231 2157 353 2187 cum
380 2157 635 2198 umquam
663 2148 817 2187 antea
843 2145 1050 2198 publice
1078 2145 1408 2199 propositum
1439 2156 1554 2187 esse
1582 2145 1784 2199 probet.
1815 2145 1945 2188 Orto
1972 2156 2100 2188 vero
2130 2148 2420 2199 systemate

230 2215 618 2266 heliocentrico,
639 2215 793 2257 facile
814 2215 1138 2269 intellegitur,
1160 2215 1547 2258 intercessionis
1577 2227 1741 2258 causa
1770 2215 1896 2258 illud
1926 2216 2257 2270 propositum
2287 2227 2417 2267 esse,

232 2299 294 2329 ac
315 2287 440 2329 satis
461 2286 569 2329 veri
596 2286 762 2328 simile
783 2288 875 2336 est,
898 2289 954 2327 ut
974 2287 1148 2340 plures
1169 2287 1358 2329 eodem
1379 2289 1619 2341 tempore
1640 2287 2022 2341 proposuerint.
2049 2287 2230 2340 Neque
2253 2287 2420 2329 Ursus

232 2359 387 2409 solus,
410 2358 502 2399 sed
529 2357 687 2398 etiam
716 2356 1073 2399 HELISAEUS
1102 2357 1455 2399 ROESLINUS
1481 2357 1585 2400 hoc
1607 2368 1663 2399 se
1684 2357 1870 2400 fecisse
1892 2357 2266 2408 contendebat;
2297 2368 2420 2411 quo·

231 2440 348 2470 rum
377 2431 597 2470 conatus
624 2427 718 2469 etsi
732 2427 913 2480 Tycho
939 2431 1215 2480 tamquam
1237 2429 1301 2470 de
1323 2428 1429 2470 suis
1455 2427 1669 2478 meritis,
1694 2439 1813 2481 quae
1835 2427 1881 2470 ei
1901 2428 2230 2479 videbantur,
2253 2428 2420 2471 detra-

231 2500 413 2541 hentes
433 2498 704 2551 indignans
724 2498 917 2552 rejecit,
934 2510 1090 2541 nemo
1110 2502 1290 2540 tamen
1311 2509 1503 2552 negare
1523 2501 1710 2552 potest,
1727 2510 1850 2541 vere
1870 2499 1986 2541 illos
2006 2499 2149 2553 loqui
2170 2499 2416 2553 potuisse.

291 2569 496 2611 Saeculo
518 2569 769 2621 sequenti,
793 2580 915 2610 cum
936 2572 1086 2611 vetus
1114 2569 1306 2623 opinio,
1329 2568 1453 2610 nihil
1476 2569 1616 2611 aliud
1637 2581 1770 2623 opus
1791 2581 1906 2612 esse
1926 2570 2023 2612 nisi
2045 2574 2280 2624 systema
2300 2569 2420 2612 line-

233 2652 383 2681 arum
416 2639 872 2693 geometricarum,
904 2651 1008 2692 quo
1043 2640 1423 2693 »phaenomena
1453 2639 1670 2681 salvari«
1705 2644 1934 2693 possent,
1967 2640 2204 2683 celeriter
2234 2652 2420 2682 evane—

232 2713 416 2760 sceret,
447 2712 496 2752 et
529 2712 762 2763 systema
793 2710 1212 2764 Copernicanum
1245 2710 1498 2764 paulatim
1532 2710 1810 2753 victoriam
1844 2714 2153 2765 reportaret,
2183 2714 2419 2765 systema

230 2781 268 2822 T
271 2780 591 2834 ychonicum
620 2792 650 2821 a
678 2780 1036 2833 compluribus
1062 2784 1334 2834 receptum
1363 2784 1456 2831 est,
1486 2781 1573 2834 qui
1599 2780 1695 2834 piis
1722 2781 2176 2835 superstitionibus
2197 2782 2279 2824 vel
2307 2781 2419 2823 aliis

233 2850 641 2893 dubitationibus
667 2851 992 2893 tenebantur.
1017 2851 1225 2904 Recepit
1250 2851 1383 2893 inter
1410 2850 1539 2894 alios
1565 2851 1805 2894 PETRUS
1828 2851 2235 2902 GASSENDUS,
2258 2851 2420 2906 philo-

233 2921 429 2974 sophus
449 2921 531 2963 ille
559 2921 856 2975 Epicureus,
879 2921 965 2974 qui
985 2921 1248 2975 Tychonis
1268 2921 1432 2963 vitam
1460 2921 1753 2975 descripsit;
1784 2923 1871 2976 qui
1896 2926 2075 2965 tamen
2098 2926 2277 2976 aperte
2299 2934 2419 2965 con-

233 2991 399 3033 fessus
432 2995 524 3042 est,
556 2992 973 3045 Copernicanum
1007 2995 1241 3045 systema
1274 3003 1387 3034 sese
1421 2993 1765 3045 praeIaturum
1799 2992 1972 3043 fuisse,
2005 2993 2100 3034 nisi
2135 2993 2418 3047 Scripturae

233 3073 401 3104 sacrae
431 3073 721 3115 repugnare
744 3062 1037 3117 judicatum
1067 3066 1216 3105 esset.
1251 3062 1458 3116 Recepit
1488 3062 1647 3104 etiam
1682 3062 2317 3114 LONGOMONTANUS,
2349 3063 2419 3105 di-

294 3158 303 3180 ¹
326 3145 519 3191 AETIUS
541 3158 591 3191 de
602 3159 708 3201 plac.
722 3159 821 3201 phil.
841 3158 896 3191 111
917 3159 957 3192 13
973 3158 1159 3198 (DIELS,
1175 3158 1451 3201 Doxogtaphi
1466 3156 1654 3201 Gtaecip.
1671 3158 1767 3199 378).
1790 3158 1848 3192 Cf.
1866 3158 2174 3193 SIMPLICIUS
2197 3158 2239 3192 in
2255 3159 2417 3193 ARIST.

236 3217 285 3249 de
307 3217 410 3249 caelo
433 3216 467 3249 11
494 3217 535 3250 13
555 3227 592 3259 p.
608 3216 676 3250 293
691 3216 715 3250 b
731 3217 776 3250 30
797 3217 849 3260 (p.
866 3217 934 3250 519
956 3216 1166 3261 Heiberg).
