2678 4069
725 294 1396 351 PROLEGOMENA
1424 301 1825 355 EDITORIS
2263 306 2371 357 XV

182 432 317 474 intra
346 431 479 474 fines
507 443 668 486 supra
696 433 956 477 indicatos
986 436 1354 489 contineretur,
1376 439 1557 493 Tycho
1587 442 1845 495 probavit,
1873 447 1929 485 ut
1954 444 2063 497 ipse
2091 457 2229 488 anno
2262 446 2372 488 1588

182 503 251 545 ad
276 502 632 546 PEUCERUM
659 503 858 546 scribit:
886 505 964 546 »Si
990 507 1319 550 contineatur
1345 509 1463 552 haec
1492 523 1575 553 ars
1602 512 1736 554 intra
1763 525 1885 556 suas
1912 518 2097 566 metaS‚
2119 516 2372 569 significa-

180 573 348 617 tiones
379 574 639 627 quasdam
668 574 918 628 physicas
949 588 1055 618 non
1084 577 1285 631 ineptas
1313 591 1481 633 neque
1507 582 1684 635 utique
1711 583 1925 626 frivolas
1952 589 2002 627 et
2028 586 2236 640 cognitu
2267 599 2372 630 non

179 644 384 687 inutiles
404 644 745 698 suppeditat.«

239 715 480 771 Vulgaris
509 727 637 759 vero
668 717 951 771 astrologia
985 718 1304 773 »Judiciaria«
1339 721 1575 774 Tychoni
1604 736 1709 766 non
1738 726 1995 778 placebat.
2030 727 2182 777 Quod
2212 729 2370 773 nihilo

181 784 354 827 minus
382 785 541 828 trium
571 786 705 841 regis
735 787 921 830 Daniae
952 788 1182 831 filiorum
1213 789 1542 846 horoscopos
1576 799 1854 838 accuratos
1885 798 2207 851 conscripsit,
2240 801 2371 855 regis

180 855 394 898 hortatu
421 856 559 908 fecit,
583 861 634 900 et
659 858 794 901 inter
818 858 980 901 libros
1006 860 1116 913 eJus
1137 872 1300 902 manu
1321 863 1544 916 scriptos
1566 865 1667 907 alia
1688 869 1932 920 exempla
1952 869 2135 911 talium
2156 872 2373 923 praedic-

179 926 384 970 tionum
405 927 515 970 fere
535 929 678 971 nulla
697 929 1044 972 inveniuntur.
1059 930 1138 972 Ab
1162 930 1241 973 his
1263 936 1440 974 autem
1462 935 1685 977 multum
1707 937 1880 979 differt
1900 939 2058 992 ipsius
2073 941 2205 994 regis
2220 941 2372 984 horo-

180 998 329 1053 scopi
349 999 522 1042 brevis
544 1000 841 1054 descriptio,
859 1012 1021 1054 quam
1042 1012 1162 1055 rege
1178 1002 1394 1044 demum
1410 1008 1620 1048 mortuo
1638 1007 1906 1059 confecit¹;
1929 1011 2121 1052 namin
2135 1011 2236 1054 hac
2252 1024 2371 1055 con-

179 1070 406 1112 ficienda
426 1070 479 1112 id
498 1071 672 1113 solum
693 1071 790 1114 sibi
810 1075 1176 1125 proposuerat,
1192 1075 1249 1114 ut
1270 1075 1633 1118 conclusiones
1656 1079 1929 1130 quasdam,
1948 1092 2078 1133 quas
2094 1092 2121 1123 e
2136 1082 2370 1136 deliquiis

181 1141 477 1184 Lunaribus
509 1141 623 1185 fieri
655 1153 812 1196 posse
845 1141 1196 1193 existimabat,
1222 1144 1389 1198 justas
1423 1157 1536 1188 esse
1567 1148 1966 1193 demonstraret.
2000 1151 2057 1192 In
2086 1152 2257 1196 libello
2287 1153 2370 1196 De

180 1222 323 1254 nova
352 1212 515 1254 stella
544 1213 670 1255 satis
701 1213 1086 1267 circumspecte
1114 1217 1165 1256 et
1191 1214 1490 1258 dubitanter
1516 1222 1691 1271 egerat
1718 1220 1782 1261 de
1809 1220 2183 1274 significatione
2211 1229 2372 1267 astro-

180 1283 350 1338 logica
376 1283 530 1339 hujus
550 1284 734 1335 stellae,
757 1287 808 1327 et
827 1284 880 1326 in
900 1283 1426 1338 Progymnasmaiis,
1450 1300 1641 1342 magno
1663 1289 1749 1332 illo
1772 1302 1945 1344 opere,
1966 1293 2054 1334 ubi
2074 1296 2371 1346 praeceden-

179 1355 243 1398 tis
263 1354 421 1398 libelli
441 1358 648 1409 partem
670 1355 1088 1398 astronomicam
1109 1356 1282 1399 denuo
1299 1357 1559 1409 exscribit,
1576 1359 1647 1401 ita
1661 1361 1843 1414 pergit:
1865 1362 2092 1405 »Caetera
2109 1377 2227 1417 quae
2242 1378 2371 1419 prae-

180 1426 466 1469 dictionem
495 1427 870 1481 astrologicam
891 1426 1247 1478 continebant,
1270 1428 1453 1470 volens
1473 1429 1753 1483 relinquo«
1779 1432 1882 1473 Sub
1904 1433 2064 1476 finem
2084 1438 2262 1478 tamen
2283 1437 2372 1479 hu-

173 1499 258 1553 jus
285 1497 462 1552 magni
488 1497 661 1551 operis
688 1498 757 1540 ad
784 1498 1158 1552 astrologicam
1185 1499 1350 1541 stellae
1378 1499 1811 1553 significationem
1833 1505 2121 1556 revertitur,
2146 1507 2265 1559 quia
2287 1520 2372 1561 ap—

179 1568 418 1624 parentia
439 1568 550 1623 ejus
571 1571 790 1611 eventus
803 1571 999 1623 praeter
1012 1569 1235 1612 modum
1251 1570 1697 1614 extraordinarius
1712 1576 1844 1623 erat3
1868 1577 2052 1616 etcum
2069 1577 2371 1620 vaticinium

180 1641 291 1696 ejus
316 1639 452 1682 miro
480 1650 610 1682 casu
636 1640 803 1683 multo
831 1643 951 1694 post
970 1643 1201 1683 mortem
1221 1640 1381 1694 ipsius
1402 1642 1611 1684 evenire
1632 1643 1803 1685 visum
1825 1648 1974 1696 esset,
1999 1646 2063 1688 ab
2085 1647 2160 1698 iis,
2184 1649 2269 1701 qui
2290 1661 2372 1691 ve-

179 1724 297 1754 ram
324 1710 434 1765 ejus
460 1710 512 1752 in
538 1710 757 1753 historia
784 1711 1147 1754 doctrinarum
1178 1711 1591 1766 magnitudinem
1621 1714 1947 1767 ignorabant,
1975 1729 2195 1771 magnus
2223 1719 2373 1761 inter-

180 1783 308 1825 dum
336 1782 630 1836 astrologus
659 1782 952 1836 appellatus
979 1785 1071 1825 est.
1095 1782 1278 1836 Itaque
1305 1783 1449 1825 haud
1470 1783 1536 1826 ab
1558 1795 1615 1826 re
1636 1785 1731 1826 erit
1751 1785 1834 1827 hic
1858 1786 2063 1838 afferre,
2088 1800 2205 1841 quae
2237 1790 2374 1831 KEP-

180 1853 391 1896 LERUS
419 1853 484 1895 de
503 1852 768 1906 Tychonis
796 1853 1128 1907 opinionibus
1155 1854 1481 1908 astrologicis
1502 1855 1872 1908 pronuntiavit,
1897 1858 2144 1910 quoniam
2166 1860 2248 1901 ille
2269 1872 2372 1903 non

179 1925 342 1968 modo
369 1923 566 1978 scripta
593 1925 719 1980 ejus,
740 1924 851 1967 sive
878 1924 1017 1967 edita
1045 1928 1195 1967 erant
1221 1924 1331 1967 sive
1357 1936 1479 1977 non,
1508 1926 1712 1979 penitus
1739 1932 2074 1981 cognoverat,
2098 1930 2188 1972 sed
2216 1931 2372 1973 etiam

179 1996 406 2038 multum
433 1996 688 2050 temporis
716 1996 1022 2050 quotidiano
1048 2008 1146 2038 usu
1173 2008 1297 2039 cum
1318 2007 1382 2039 eo
1404 1997 1714 2051 conjunctus
1736 2000 1890 2040 erat2:
1919 1999 2121 2052 »Tycho
2145 2001 2373 2043 Braheus

182 2100 191 2110 .
212 2066 615 2110 ..astronomiae
642 2067 1084 2110 restaurationem
1110 2067 1303 2122 ingenti
1330 2067 1507 2111 animo
1536 2070 1862 2122 complexus,
1884 2069 1986 2112 hoc
2007 2071 2220 2113 unicum
2243 2083 2373 2125 opus

179 2137 276 2181 sibi
302 2137 506 2192 delegit,
527 2137 580 2180 in
607 2149 712 2191 quo
740 2141 957 2180 aetatem
983 2150 1137 2181 suam
1163 2139 1473 2193 transigeret
1493 2150 1726 2193 opesque
1747 2140 1915 2182 avitas
1935 2142 2248 2195 splendidas,
2271 2143 2374 2196 qui-

180 2210 277 2252 bus
307 2212 421 2251 erat
449 2208 709 2260 suffultus,
740 2209 1090 2264 impenderet;
1122 2211 1370 2264 quodque
1399 2211 1451 2252 in
1480 2211 1750 2264 praecipua
1780 2211 1958 2265 gloriae
1987 2215 2136 2265 parte
2166 2224 2371 2263 censeo,

179 2280 302 2323 fecit
337 2280 440 2323 hoc
476 2279 561 2322 ille
597 2279 776 2323 animo
807 2281 874 2323 ab
905 2281 1152 2324 omnibus
1182 2281 1635 2335 superstitionibus
1665 2282 1989 2336 astrologicis
2018 2295 2189 2326 vacuo
2218 2284 2373 2337 inque

179 2363 345 2393 unum
370 2351 545 2394 solum
571 2351 735 2393 finem
760 2352 920 2395 totius
946 2352 1297 2406 philosophiae
1324 2364 1648 2407 supremum,
1671 2353 1723 2394 in
1750 2353 2100 2407 cognitionem
2127 2358 2177 2396 et
2203 2355 2298 2396 Dei
2324 2358 2374 2396 et

179 2422 259 2464 sui
278 2422 438 2476 ipsius
459 2421 807 2474 erectissimo;
832 2424 974 2477 quod
996 2435 1120 2466 cum
1140 2423 1193 2465 in
1213 2423 1419 2477 scriptis
1440 2427 1490 2466 et
1511 2424 1849 2475 carminibus,
1873 2424 2060 2477 quibus
2081 2425 2374 2467 delectaba-

178 2496 278 2545 tur,
293 2495 408 2535 tum
428 2493 481 2535 in
503 2492 818 2546 quotidianis
834 2494 1109 2548 colloquiis
1123 2495 1426 2548 aequalitate
1442 2495 1867 2538 constantissima
1881 2496 2104 2537 reddidit
2119 2500 2373 2538 contesta-

177 2564 456 2609 tissimum.
478 2565 867 2618 astrologorum
887 2577 1016 2608 vero
1037 2565 1344 2616 vanitatem,
1367 2565 1626 2616 inertiam,
1648 2566 1913 2620 ignaviam
1941 2570 1991 2609 et
2019 2568 2202 2609 sordes
2222 2567 2373 2620 pluri—

178 2647 327 2677 mum
358 2637 408 2677 et
438 2635 678 2678 deridere
707 2638 758 2678 et
786 2636 1036 2678 detestari
1065 2640 1143 2679 est
1171 2636 1369 2687 solitus,
1398 2637 1472 2679 sic
1504 2640 1700 2688 tamen,
1729 2641 1785 2679 ut
1811 2637 2041 2679 siderum
2072 2637 2291 2679 effectus
2321 2638 2371 2678 in

177 2705 564 2757 sublunaribus‚
598 2709 806 2760 partem
839 2706 1189 2761 philosophiae
1222 2708 1738 2761 praestantissimam‚
1773 2720 2111 2762 nequaquam
2144 2712 2370 2762 negaret,

177 2788 386 2831 gnarus,
408 2774 640 2819 effectus
659 2777 776 2820 illos
796 2778 1029 2820 siderum
1049 2779 1319 2832 generales
1341 2779 1408 2821 ab
1430 2777 1719 2820 eventibus
1739 2779 1861 2833 ipsis
1881 2779 1933 2821 in
1953 2780 2108 2822 rebus
2129 2779 2371 2821 humanis

177 2848 456 2890 individuis
483 2848 884 2891 accuratissimo
906 2849 1103 2904 judicio
1131 2849 1459 2904 distinguere.
1487 2849 1640 2900 Quod
1667 2861 1790 2892 cum
1817 2861 1924 2892 non
1950 2853 2162 2903 caperet
2187 2850 2369 2903 vulgus

178 2918 472 2970 hominurn,
504 2918 572 2961 ad
602 2919 952 2962 miraculosas
984 2920 1355 2974 praedictiones
1386 2921 1675 2971 credulum,
1708 2921 1775 2962 ad
1807 2931 2048 2963 rumores
2081 2920 2241 2963 falsos
2274 2920 2369 2962 dis-

179 2989 520 3033 seminandos
552 2993 840 3043 promtum,
873 2994 1097 3044 utraque
1129 3003 1186 3033 re
1218 2991 1580 3041 vanissimum,
1614 3003 1995 3044 nonnunquam
2027 2991 2199 3032 virum
2230 2991 2372 3032 inno-

180 3060 541 3103 centissimum
561 3060 737 3114 inepto
759 3061 870 3104 eius
890 3061 1052 3105 famae
1073 3061 1245 3105 studio
1266 3061 1598 3105 sermonibus
1620 3061 1842 3114 obliquis
1863 3065 1913 3103 et
1932 3061 2140 3103 invidiae
2163 3061 2372 3114 Magna-

177 3133 292 3173 tum
313 3130 546 3186 objecit.«

241 3226 252 3250 ¹
276 3225 399 3261 Primi
420 3237 498 3262 nos
519 3226 729 3262 edidimus
749 3230 845 3262 tom.
862 3228 878 3262 Ι
899 3239 936 3272 p.
956 3228 1021 3263 136
1036 3239 1122 3273 sqq.

237 3284 253 3309 2
276 3285 445 3320 Tabulae
464 3285 757 3330 RudolpIu'nae,
780 3286 965 3322 Praefatio
987 3287 1077 3332 (Op.
1093 3288 1145 3322 VI
1167 3288 1253 3329 671)
