2678 4069
547 236 1128 290 HOROSCOPUS
1155 238 1575 290 PRINCIPIS
1596 239 2038 299 JOHANNIS
2294 242 2384 293 271

441 382 565 440 DE
602 382 1009 441 INGENIO
1045 384 1104 442 8(
1137 384 1424 442 ΑΝΙΜΙ
1462 382 2146 455 QUALITATIBUS.

365 472 754 523 ERCURIUS
789 480 871 523 est
903 476 964 523 in
996 473 1107 524 hac
1141 475 1361 538 Inclyta
1395 474 1683 525 Genitura
1715 479 1982 526 omnium
2012 476 2384 528 Planetarum

381 542 722 601 fortissimuS‚
745 559 863 606 quo
885 544 959 594 ad
981 545 1293 595 essentiales
1314 545 1617 608 dignitates
1639 549 1853 604 attinet,
1876 549 2045 610 igitur
2065 562 2166 610 per
2183 547 2237 598 fe
2252 548 2384 599 satis

193 613 433 672 bonum,
465 629 597 664 acre
620 613 671 663 &
691 621 975 676 praestans
996 615 1233 678 largitur
1254 618 1569 679 ingenium.
1599 616 1946 667 Debilitatur
1967 633 2105 667 vero
2128 621 2252 682 ejus
2272 622 2382 669 vir-

122 696 143 729 5
192 691 285 734 tus
314 683 604 742 nonnihil,
638 700 708 734 eo
739 685 897 747 quod
927 685 989 735 fit
1016 686 1401 749 Retrogradus
1431 686 1481 736 8(
1508 689 1569 736 111
1595 686 1750 737 sexta
1776 687 1968 737 domo.
1997 688 2217 738 Verum
2244 693 2383 752 quia

193 755 629 819 Retrogradatio
664 755 963 806 Mercurio
1002 759 1198 807 minus
1234 764 1402 807 nocet
1435 756 1508 806 ob
1543 757 1803 808 crebram
1836 757 2298 810 assuefactionem
2332 760 2382 810 &

79 835 161 876 27r
193 826 443 889 gaudeat
475 829 537 876 in
570 826 840 877 domibus
871 827 1224 885 cadentibuS,
1258 830 1428 890 igitur
1460 823 1719 894 inge-{lnij
1753 831 1839 878 vis
1871 844 1992 879 non
2026 829 2203 892 usque
2233 831 2381 881 adeo

192 896 327 947 inde
349 896 669 956 hebetatur,
700 896 750 946 8(
781 894 840 962 (30
861 899 899 957 ζ(
925 898 999 947 ad
1021 898 1386 948 Mercurium
1411 898 1542 960 plus
1564 899 1895 949 commodat
1916 900 1989 949 ad
2010 903 2221 964 ingenij
2247 901 2380 951 dex-

191 970 478 1018 teritatem
499 983 680 1030 quam
701 967 895 1027 officit,
924 975 986 1018 ut
1013 969 1085 1018 ob
1108 969 1165 1019 id
1186 971 1399 1032 ingenij
1423 972 1574 1019 vires
1595 969 1725 1031 plus
1747 985 1925 1032 quam
1946 971 2265 1021 mediocres
2287 972 2379 1022 de-

101 1049 143 1083 10
193 1045 506 1089 cernantur
526 1038 664 1089 huic
686 1039 906 1103 Inclyto
929 1039 1102 1089 Nato,
1132 1039 1391 1090 Unicum
1413 1046 1495 1089 est
1517 1040 1674 1102 quod
1695 1043 1927 1103 ingenio
1950 1040 2379 1105 intellectuique

190 1108 512 1172 plurimum
533 1109 726 1168 officit,
748 1109 1111 1172 nebulasque
1134 1110 1406 1168 obtendit,
1428 1110 1693 1160 videlicet
1713 1111 1869 1173 quod
1892 1111 2060 1161 Luna
2081 1112 2379 1164 constitua—

189 1187 283 1230 tur
313 1195 447 1230 cum
476 1180 645 1230 stellis
674 1183 737 1230 in
768 1180 1045 1231 effusione
1079 1193 1135 1230 zzz
1168 1181 1237 1231 de
1264 1188 1476 1231 natura
1502 1180 1736 1231 Saturni
1764 1181 1814 1231 8(
1841 1181 2006 1231 fimul
2035 1181 2257 1233 lumine
2285 1184 2377 1234 de-

191 1251 400 1302 crescat
421 1250 792 1314 Saturnoque
814 1251 1062 1314 applicet
1082 1252 1356 1302 recedens
1379 1251 1451 1302 ab
1477 1249 1535 1316 00
1563 1253 1615 1311 ἐξ,
1644 1267 1776 1314 quae
1805 1252 2124 1302 constitutio
2145 1256 2377 1318 ingenij,

185 1322 385 1386 judicij
403 1321 453 1372 8(
465 1321 787 1373 1111011061115
803 1325 953 1372 vires
969 1322 1289 1385 plurimum
1303 1322 1558 1385 infringit
1573 1322 1935 1385 hebetatque,
1952 1323 2044 1373 sed
2061 1326 2199 1385 quia
2211 1324 2379 1375 Luna

100 1404 141 1437 15
190 1396 515 1443 maximam
535 1392 711 1443 habet
732 1393 1125 1444 Latitudinem
1147 1394 1414 1452 Boream,
1441 1400 1601 1443 extra
1623 1408 1721 1443 eas
1741 1393 1925 1443 stellas
1946 1393 2140 1444 versus
2160 1393 2379 1446 Arcton

190 1471 538 1523 removetur,
573 1472 637 1514 ut
668 1464 948 1527 partiliter
976 1479 1099 1514 non
1124 1467 1418 1527 jungatur,
1451 1464 1501 1513 8(
1532 1479 1601 1513 00
1630 1464 1761 1526 plus
1791 1479 1827 1513 a
1855 1464 2088 1514 Saturni
2119 1465 2329 1527 copula
2359 1462 2378 1532 ΙΙ

77 1544 133 1585 27
143 1553 163 1570 v
191 1534 512 1599 elongatur.
541 1535 797 1598 Ideoque
824 1534 953 1585 haec
979 1534 1314 1598 significatio
1338 1538 1532 1585 minor
1553 1534 1744 1584 evadit
1766 1534 1816 1584 8(
1836 1534 2206 1594 tolerabilior,
2233 1551 2377 1599 prae-

188 1605 379 1656 sertim
406 1606 480 1656 ob
515 1608 546 1666 ζέ
579 1605 938 1656 essentialiter
965 1607 1113 1656 adeo
1139 1606 1287 1656 bene
1310 1605 1690 1656 constitutum.
1720 1606 2005 1668 Lunaque
2027 1608 2177 1656 circa
2196 1610 2377 1657 maxi-

188 1692 350 1727 mam
375 1677 744 1728 latitudinem
765 1677 1018 1727 Boream
1044 1676 1228 1727 reddit
1256 1676 1548 1734 callidum,
1576 1675 1916 1726 industrium
1943 1676 2378 1740 instabilemque

93 1758 139 1792 20
189 1747 240 1798 8(
261 1750 496 1812 ingenio
517 1748 761 1798 volubili
781 1748 1106 1811 praeditum.

260 1819 538 1883 Mercurij
568 1834 709 1869 vero
737 1819 1172 1882 Retrogradatio
1203 1821 1264 1868 in
1295 1818 1502 1869 eodem
1530 1833 1663 1867 cum
1689 1818 1916 1867 Venere
1946 1817 2101 1881 signo
2131 1817 2264 1868 facit
2294 1821 2376 1868 in-

187 1892 359 1954 genio
381 1890 455 1940 ad
476 1890 765 1940 Muficam
791 1889 975 1940 habili
1001 1890 1052 1940 &
1080 1889 1446 1940 cantionibus
1474 1887 1806 1939 delectante.
1837 1888 2108 1950 Cumque
2135 1893 2168 1946 Q
2193 1889 2378 1951 praefit

187 1960 329 2012 locis
353 1962 384 2020 ἓξ
405 1960 456 2011 8(
473 1963 532 2022 (ζ,
554 1961 791 2024 ipsaque
813 1961 994 2011 Marti
1014 1960 1293 2023 partiliter
1313 1959 1737 2023 permisceatur,
1761 1962 1853 2009 cui
1874 1959 2124 2022 applicat
2144 1962 2205 2008 in
2222 1958 2377 2023 figno

187 2031 546 2091 Mercuriali,
569 2034 753 2083 animi
767 2035 888 2082 vim
907 2031 1230 2095 segniorem
1245 2030 1684 2094 quodammodo
1705 2029 1903 2088 reddit,
1921 2029 1971 2079 8(
1985 2029 2378 2092 voluptatibus

92 2113 137 2147 2⁵
188 2105 446 2166 corporis
473 2110 535 2153 ut
561 2102 898 2154 libidinibus
920 2103 971 2153 &
992 2101 1428 2153 heluationibus
1448 2101 1769 2164 plurimum
1789 2101 2188 2163 praepeditum.
2217 2100 2275 2151 Si
2295 2107 2376 2151 ta-

186 2189 324 2224 men
345 2173 419 2224 ad
439 2174 741 2224 literarum
761 2174 944 2224 studia
964 2173 1135 2224 fuerit
1155 2172 1464 2230 adhibituS,
1488 2187 1609 2222 non
1630 2171 2000 2222 incommode
2022 2174 2084 2221 in
2104 2173 2173 2234 ijs
2193 2170 2376 2222 versa-

73 2252 154 2295 28r
185 2245 353 2304 bitur,
383 2244 434 2295 8(
460 2245 776 2309 praesertim
802 2247 864 2295 in
891 2240 911 2311 ΙΙ
938 2244 1240 2295 Medicina
1261 2243 1734 2306 Chirurgicisque
1762 2242 2002 2292 medelis
2023 2241 2260 2292 feliciter
2280 2242 2376 2292 ad-

185 2315 466 2367 discendis
488 2315 944 2378 exercendisque
965 2315 1277 2378 proclivior
1299 2317 1417 2365 erit.

248 2485 371 2544 DE
408 2483 1229 2545 CONFORMATIONE
1265 2482 1378 2541 ET
1411 2481 1817 2541 STATURA
1853 2480 2314 2540 CORPORIS.

87 2586 132 2620 30
314 2575 852 2627 ONFORMATIO
882 2578 1140 2638 corporis
1168 2590 1239 2625 ex
1266 2574 1476 2624 Martis
1507 2573 1963 2636 impressionibus
1992 2571 2376 2634 utplurimum

338 2647 641 2710 dependet,
671 2649 772 2710 qui
794 2662 928 2697 curn
947 2646 1009 2696 fit
1031 2644 1420 2704 occidentaliS,
1447 2644 1699 2695 formam
1721 2646 1977 2706 corporis
1999 2640 2375 2705 compactam,

182 2717 256 2769 ad
277 2718 623 2769 rubedinem
650 2718 1001 2777 tendentem,
1029 2716 1332 2779 flavosque
1364 2715 1605 2779 capillos
1632 2714 1831 2773 adfert,
1860 2714 1911 2764 8(
1937 2713 2222 2764 subruffos
2248 2715 2375 2776 rigi-

182 2788 422 2852 dosque.
447 2789 806 2840 Commixtio
822 2804 962 2839 vero
977 2788 1222 2838 Veneris
1238 2802 1371 2837 cum
1386 2787 1580 2837 Marte
1596 2785 1670 2836 ad
1688 2785 2181 2848 pulchritudinem
2201 2783 2375 2846 pluri—

181 2876 348 2910 mum
376 2859 596 2911 confert
624 2859 675 2910 &
701 2860 1103 2910 membrorum
1130 2859 1432 2909 decentem
1458 2859 1898 2920 proportionem
1920 2855 2232 2917 vultusque
2258 2854 2375 2916 spe-

87 2941 132 2975 35
182 2930 397 2982 ciosam
417 2934 678 2995 gratiam.
701 2931 886 2981 Erunt
906 2930 1035 2981 haec
1055 2937 1254 2980 tamen
1273 2929 1592 2979 mediocria
1607 2928 1679 2978 ob
1695 2928 1939 2977 Veneris
1953 2933 2073 2976 tarn
2087 2925 2376 2975 infelicem

182 3002 647 3052 constitutionem
667 3004 730 3052 in
749 3001 851 3052 suo
873 3001 1243 3052 decremento
1265 3003 1326 3050 in
1347 2999 1518 3058 sexta,
1545 2998 1595 3049 8(
1618 2998 1816 3049 laesam
1838 2997 1910 3048 ab
1931 3003 2177 3059 utraque
2198 2995 2374 3045 male-

67 3080 154 3123 28ν
181 3071 308 3123 fica.
329 3072 636 3135 Quantum
650 3088 790 3123 vero
810 3073 884 3123 ad
901 3072 1175 3123 staturam
1194 3074 1410 3130 attinet,
1431 3073 1570 3133 quia
1589 3070 1795 3120 eadem
1808 3064 2036 3135 “Venus
2050 3065 2374 3128 Horoscopi

181 3143 444 3194 Domino
456 3143 736 3207 partiliter
742 3146 1004 3207 jungitur
1016 3142 1508 3204 occidentalisque
1522 3143 1725 3199 existit,
1738 3139 2011 3189 staturam
2022 3137 2374 3188 mediocrem

181 3213 449 3278 designat,
477 3213 751 3265 nonnihil
776 3221 976 3264 tamen
1004 3214 1076 3264 ob
1102 3221 1164 3268 V
1188 3212 1593 3263 ascendentem
1615 3211 1666 3261 8(
1686 3210 1909 3273 fignum
1932 3217 2014 3273 m),
2043 3211 2104 3258 in
2126 3222 2242 3269 quo
2264 3206 2371 3255 Ve-

85 3295 131 3329 40
179 3300 292 3335 nus
320 3291 419 3344 est,
447 3285 522 3336 ad
549 3288 956 3348 proceritatem
982 3284 1333 3342 tendentem,
1361 3282 1401 3333 fi
1421 3283 1622 3332 Venus
1644 3297 1765 3331 non
1787 3281 1911 3330 esset
1931 3283 1992 3329 in
2012 3279 2113 3328 suo
2136 3276 2282 3334 casu,
2311 3283 2372 3396 ut}

1863 3363 1868 3365 ·
2297 3361 2331 3395 o
