2678 4069
219 177 399 229 XLIV
761 162 1428 219 PROLEGOMENA
1456 161 1858 213 EDITORIS

218 313 508 357 cessionem
529 309 670 350 haud
691 307 816 349 satis
837 308 978 347 recte
999 304 1288 346 aestimaret
1308 299 1519 354 singulis
1538 299 1687 342 annis
1701 299 1794 342 36“
1808 301 1892 342 vel
1913 301 2146 343 centenis
2168 301 2318 343 annis
2338 301 2399 343 1⁰.

219 385 314 426 Hic
340 382 606 432 catalogus
626 376 887 429 Tychonis
907 378 1146 427 ternpore
1167 385 1195 415 e
1217 372 1422 414 duabus
1443 370 1757 413 editionibus
1784 370 1982 413 Latinis
2004 383 2267 414 annorum
2291 371 2402 413 1515

218 450 470 498 et11528'et
486 449 673 490 Graeca
696 446 919 488 editione
941 444 1062 486 anni
1082 443 1193 485 1538
1209 442 1458 497 cognosci
1478 444 1700 495 poterat.
1724 441 2110 484 Collocationes
2131 442 2402 484 stellarum

217 497 283 565 ab
297 502 437 564 initio
453 523 561 560 tam
578 519 825 559 accurate
837 515 1082 557 indicatae
1095 517 1259 564 erant,
1272 525 1433 566 quarn
1445 513 1793 554 instrumenta
1802 512 2281 555 Alexandrinorum
2292 524 2404 567 per-

216 591 502 639 mittebant,
527 599 688 641 quare
717 596 924 629 errores
949 585 1023 626 10⁴
1045 584 1153 626 fere
1179 585 1263 626 vel
1293 584 1454 625 etiam
1483 582 1715 636 majores
1743 583 2115 634 occurrebant;
2149 583 2253 626 huc
2273 596 2402 627 vero

217 662 549 704 accesserant
575 657 732 700 etiam
761 667 967 698 errores
994 655 1345 705 librariorum,
1369 665 1473 707 quo
1501 653 1702 695 factum
1730 656 1823 704 est,
1851 656 1909 695 ut
1934 665 2104 696 novus
2132 655 2404 709 catalogus

215 733 480 774 stellarum
505 729 617 782 jam
647 728 733 769 diu
763 727 989 768 multum
1019 725 1420 767 desideraretur.
1453 724 1656 767 Arabes
1685 735 1793 766 non
1823 724 2240 767 observaverant
2271 726 2405 779 posi-

214 803 379 844 tiones
413 800 679 841 stellarum
712 797 957 846 fixarum,
989 796 1082 838 sed
1115 797 1357 849 catalogo
1391 795 1710 838 Ptolemaico
1746 795 1977 837 contenti
2010 794 2232 846 fuerant,
2265 799 2406 838 cata-

215 875 359 925 logus
385 881 527 919 vero,
559 880 715 921 quern
743 866 1200 910 observationibus
1227 867 1396 908 nitens
1427 866 1509 908 150
1535 866 1645 908 fere
1673 865 1823 907 annis
1851 869 1971 908 ante
1991 865 2256 919 Tychonis
2282 869 2406 909 aeta-

214 948 319 985 tem
335 939 679 982 Samarcandi
699 938 941 980 institutis
957 937 1262 980 confecerat
1284 937 1529 979 ULUGH
1552 936 1692 986 BEG.
1709 937 1761 978 in
1776 937 1984 990 Europa
1998 937 2236 979 nondum
2250 940 2406 979 notus

215 1016 340 1055 erat.
378 1010 738 1063 Norimbergae
773 1012 951 1050 autern
982 1008 1404 1051 WALTHERUS
1434 1009 1555 1050 loca
1587 1008 1838 1050 nonnulla
1871 1008 2143 1050 stellarum
2175 1007 2406 1050 fixarum

215 1083 428 1125 definire
456 1084 678 1123 conatus
699 1083 813 1121 erat
833 1083 884 1122 et
903 1079 1165 1121 rationem
1186 1079 1568 1133 longitudinum
1590 1090 1774 1121 earum
1797 1078 2217 1121 definiendarum
2239 1080 2406 1121 multo

216 1153 488 1196 meliorem
518 1152 801 1193 invenerat.
827 1151 938 1193 Has
968 1151 1107 1193 enim
1138 1150 1476 1204 Hipparchus
1498 1161 1525 1191 e
1547 1150 1680 1192 Solis
1707 1150 2025 1204 longitudine
2046 1161 2140 1203 per
2159 1149 2407 1192 Armillas

216 1224 521 1267 Zodiacales
554 1222 842 1272 definierat,
874 1234 998 1264 curn
1032 1223 1239 1263 Lunam
1271 1221 1641 1275 interponeret,
1675 1221 1811 1274 quia,
1845 1221 2098 1274 quamdiu
2128 1220 2216 1263 Sol
2246 1232 2406 1274 supra

218 1295 546 1337 horizontem
567 1296 659 1343 est,
677 1294 818 1335 nulla
839 1294 988 1335 stella
1009 1293 1116 1335 fixa
1132 1292 1275 1335 cerni
1294 1295 1488 1346 potest3
1505 1291 1780 1334 Walthero
1795 1303 1923 1334 vero
1944 1292 1997 1333 in
2018 1294 2252 1334 mentem
2266 1291 2408 1334 venit

216 1377 310 1420 pro
339 1366 487 1407 Luna
507 1364 711 1406 Venere
737 1364 825 1414 uti,
850 1376 969 1417 quae
996 1367 1210 1417 propter
1235 1375 1462 1417 parvum
1484 1363 1821 1413 diametrum,
1842 1363 2057 1405 tardum
2079 1366 2286 1405 motum
2307 1362 2409 1406 exi-

217 1448 477 1491 guamque
498 1435 790 1488 parallaxin
811 1436 977 1477 multo
993 1435 1168 1477 utilior
1182 1437 1310 1476 erat.
1329 1435 1468 1476 Inter
1483 1445 1574 1476 eas
1590 1434 2005 1484 observationes,
2023 1445 2143 1486 quae
2156 1433 2208 1475 in
2225 1431 2408 1487 Scrip-

219 1507 286 1550 1‘1‘s
319 1504 615 1549 clarissimi
645 1504 746 1546 visi
776 1504 997 1548 Ioannis
1028 1503 1450 1558 Regiomontani
1479 1517 1617 1548 anno
1653 1505 1764 1547 1544
1791 1504 1931 1558 typis
1962 1505 2241 1558 descriptae
2271 1508 2405 1556 sunt,

216 1579 480 1621 nonnullae
508 1578 660 1632 hujus
687 1577 888 1631 generis
915 1577 1262 1627 inveniuntur,
1287 1589 1406 1630 quae
1434 1587 1573 1619 anno
1599 1576 1710 1618 1489
1731 1580 1782 1619 et
1803 1576 1952 1619 annis
1979 1575 2318 1629 sequentibus
2339 1575 2409 1618 in-

218 1650 411 1692 stitutae
432 1652 566 1691 sunt.
589 1649 740 1690 Anno
767 1648 895 1698 1577,
919 1659 1042 1690 cum
1064 1660 1287 1702 magnus
1308 1651 1521 1690 cometa
1543 1648 1800 1702 apparuit,
1825 1648 2060 1690 armillas
2079 1647 2262 1700 Tycho
2284 1658 2409 1689 non-

219 1722 345 1763 dum
366 1720 683 1774 possidebat,
709 1731 871 1772 quare
891 1720 1012 1761 loca
1033 1719 1316 1762 duodecim
1337 1719 1625 1770 stellarum,
1649 1719 1838 1772 quibus
1859 1719 1906 1761 ei
1927 1730 2060 1772 opus
2081 1720 2209 1769 erat,
2232 1717 2304 1759 ita
2325 1718 2409 1760 de-

218 1792 397 1842 finivit,
425 1794 482 1833 ut
512 1790 837 1832 altitudinem
867 1801 1050 1831 earum
1081 1790 1431 1832 meridianam
1456 1789 1613 1844 (unde
1643 1790 1962 1843 sequebatur
1991 1788 2290 1844 declinatio)
2315 1800 2410 1842 per

219 1863 567 1915 quadrantem
595 1860 920 1903 dimetIretur
946 1864 996 1902 et
1021 1860 1270 1903 transitus
1298 1872 1481 1903 earum
1508 1872 1603 1914 per
1630 1861 1982 1903 meridianum
2002 1863 2212 1914 tempus
2234 1859 2410 1902 obser-

218 1936 382 1983 varet,
400 1944 464 1974 ex
481 1944 583 1985 quo
605 1932 921 1985 interpositis
943 1932 1093 1974 Luna
1115 1935 1165 1973 et
1185 1932 1334 1973 stella
1350 1945 1380 1973 α
1395 1932 1598 1985 Aquilae
1621 1932 1861 1974 ascensio
1883 1935 2029 1974 recta
2045 1930 2406 1973 definiebatur.

221 2004 352 2046 Haec
379 2007 559 2045 tamen
586 2003 735 2053 ratio,
765 2015 869 2055 qua
896 2002 1056 2044 etiam
1088 2002 1448 2057 Landgravius
1478 2002 1738 2054 utebatur,
1767 2006 1982 2056 propter
2010 2001 2409 2056 horologiorum

219 2074 533 2128 pravitatem
560 2074 792 2115 maxime
818 2073 1119 2126 importuna
1141 2076 1267 2124 erat,
1292 2085 1470 2127 quare,
1495 2085 1619 2116 cum
1640 2074 1872 2127 primum
1892 2073 2006 2115 fieri
2026 2073 2209 2127 potuit,
2231 2072 2410 2115 Venus

222 2145 453 2187 adhibita
484 2147 575 2186 est.
601 2144 717 2186 Hoc
748 2143 950 2186 factum
980 2147 1058 2185 est
1083 2155 1207 2185 vere
1238 2145 1359 2186 anni
1390 2143 1516 2196 1582,
1546 2156 1670 2187 cum
1699 2156 1793 2198 per
1822 2155 1916 2186 sex
1945 2144 2055 2186 fere
2085 2144 2409 2198 septimanas

221 2217 375 2269 plena
390 2217 505 2257 luce
519 2214 853 2271 Venusgclare
869 2214 1012 2256 cerni
1031 2218 1253 2268 poterat,
1272 2215 1433 2256 etiam
1456 2219 1742 2269 antequam
1764 2215 2116 2258 meridianum
2135 2215 2409 2266 transibat,

218 2288 288 2329 ita
303 2291 359 2329 ut
373 2287 423 2328 in
438 2289 584 2327 tanta
606 2285 873 2328 altitudine
895 2285 1167 2328 observari
1186 2289 1379 2339 posset,
1402 2289 1459 2328 ut
1479 2286 1823 2328 refractiones
1839 2286 1973 2328 falso
1989 2286 2270 2328 aestimatae
2286 2285 2411 2327 nihil

219 2360 483 2400 nocerent.
515 2357 760 2398 Sextante
792 2356 1046 2410 trigonico
1081 2357 1342 2399 distantiae
1376 2357 1509 2400 Solis
1530 2357 1853 2410 Venerisque
1886 2368 2136 2399 mensura
2165 2356 2408 2408 inibatur,

220 2441 343 2471 cum
375 2428 565 2470 umbra
598 2427 747 2480 parvi
778 2428 912 2469 illius
945 2427 1181 2480 cylindri,
1215 2428 1301 2480 qui
1330 2428 1381 2469 in
1412 2432 1593 2471 centro
1626 2440 1782 2471 arcus
1812 2431 1939 2479 erat,
1971 2428 2023 2470 in
2052 2427 2410 2481 pinnacidium

221 2499 413 2541 mobile
441 2499 667 2540 caderet.
692 2498 1115 2540 Declinationum
1143 2510 1392 2540 mensura
1419 2510 1513 2552 per
1540 2499 1773 2541 armillas
1799 2498 1976 2550 fiebat,
2006 2509 2085 2549 ac,
2115 2498 2158 2540 si
2183 2497 2298 2541 fieri
2323 2509 2412 2552 po-

220 2573 369 2619 terat,
402 2569 562 2611 etiam
596 2569 927 2611 altitudinum
957 2569 1384 2611 meridianarum.
1418 2570 1616 2612 Eodem
1647 2570 1809 2612 modo
1839 2572 1960 2623 post
1988 2569 2122 2611 Solis
2155 2580 2410 2612 occasum

221 2652 343 2682 cum
364 2640 624 2681 nonnullis
645 2651 673 2681 e
694 2640 853 2681 stellis
874 2639 1221 2690 lucidissimis,
1245 2652 1364 2692 quae
1384 2652 1549 2694 prope
1570 2641 1878 2694 Eclipticam
1899 2643 2063 2691 erant,
2086 2639 2264 2682 Venus
2292 2651 2412 2682 con-

216 2709 542 2764 jungebatur.
553 2710 683 2752 Tum
695 2711 827 2752 Solis
840 2713 996 2763 atque
1008 2710 1199 2752 harum
1214 2712 1485 2753 stellarum
1500 2711 1908 2766 uniuscujusque
1924 2710 2219 2753 differentia
2234 2722 2412 2753 ascen-

223 2781 382 2823 sionis
409 2784 570 2823 rectae
597 2781 751 2823 facile
778 2780 1176 2834 supputabatur,
1201 2784 1251 2823 et
1278 2793 1401 2823 cum
1428 2785 1554 2824 nota
1582 2786 1718 2824 esset
1738 2782 1872 2825 Solis
1893 2782 2133 2825 ascensio
2155 2785 2317 2832 recta,
2339 2781 2411 2823 ita

223 2854 430 2904 reperta
463 2854 575 2892 erat
607 2853 771 2893 stellae
805 2851 1044 2893 ascensio
1077 2854 1223 2893 recta
1256 2852 1521 2903 absoluta3
1557 2853 1919 2895 declinationis
1949 2856 2128 2895 autern
2161 2863 2411 2894 mensura

224 2920 475 2978 rectassvia
496 2921 637 2963 facta
659 2925 785 2964 erat.
810 2922 1076 2972 Quantum
1098 2934 1161 2964 eo
1182 2926 1438 2976 ternpore,
1462 2924 1602 2976 quod
1623 2923 1757 2965 inter
1777 2923 2176 2966 observationes
2197 2923 2412 2965 diurnas

225 2995 275 3033 et
295 2995 580 3034 nocturnas
602 2992 984 3043 intercesserat,
1002 2993 1088 3035 Sol
1111 2996 1161 3034 et
1174 2993 1352 3035 Venus
1372 2994 1550 3036 locum
1573 2994 1936 3045 mutavissent,
1953 2993 2087 3036 ratio
2107 2994 2234 3036 satis
2255 2993 2412 3036 habe-

225 3062 393 3104 batur.
413 3062 611 3104 Deinde
632 3064 797 3105 stellae
813 3063 884 3104 ita
900 3063 1128 3105 definitae
1145 3074 1267 3105 cum
1282 3065 1431 3106 stella
1447 3078 1477 3105 α
1491 3064 1695 3115 Arietis,
1714 3076 1833 3117 quae
1853 3075 2018 3118 prope
2035 3064 2412 3117 aequinoctium

224 3133 438 3174 vernale
460 3133 780 3175 lucidissima
801 3136 893 3184 est,
917 3134 1380 3188 conjungebantur.
1403 3134 1564 3176 Annis
1586 3134 1938 3187 sequentibus,
1962 3135 2165 3187 quoties
2191 3134 2305 3176 fieri
2324 3145 2412 3188 po-

224 3206 374 3254 terat,
396 3203 482 3245 hae
510 3203 905 3246 observationes
932 3204 1433 3257 redintegrabantur,
1457 3207 1507 3246 et
1526 3208 1583 3246 ut
1602 3204 1680 3247 vis
1706 3204 1991 3258 parallaxis
2012 3208 2063 3247 et
2082 3204 2411 3247 refractionis
