2678 4069
229 105 297 156 56
960 93 1071 143 DE
1099 91 1338 142 NOVA
1366 89 1683 141 STELLA

229 243 398 294 lofius
415 254 593 303 quam
607 241 668 287 in
683 236 811 299 ipsis
826 233 1099 298 gradibus
1115 231 1166 282 &
1182 246 1388 282 eorum
1402 230 1628 289 semisse‚
1650 228 1993 292 perscrutari
2013 228 2193 278 libuit*
2217 227 2418 278 Maior

230 316 384 363 enim
405 309 679 360 subtilitas
700 306 811 356 hoc
832 308 893 355 in
913 304 1043 354 loco
1066 302 1246 353 otiosa
1267 302 1361 352 eft:
1389 309 1530 360 tum,
1560 303 1700 363 quia
1725 299 1821 350 hae
1848 298 2182 349 altitudines
2207 297 2416 348 solum-

228 383 402 433 modo
433 383 493 429 in
524 377 850 428 Latitudine
880 375 1146 425 locorum
1174 372 1259 424 56.
1290 372 1579 435 graduum
1607 370 1805 421 locum
1834 369 2112 428 habeant;
2144 368 2195 419 &
2225 368 2418 420 Stellae

229 451 535 512 Horizontj
560 450 767 498 vicinae
788 448 887 495 vix
906 447 968 494 in
989 444 1219 495 duobus
1240 443 1490 493 Minutis
1510 443 1804 505 temporiS,
1832 440 2043 490 semisse
2070 439 2282 503 gradus
2307 438 2417 490 ele-

227 529 457 573 uentur:
480 527 604 570 tum
626 520 817 575 etiam,
841 516 913 566 ob
929 515 1223 573 Fixarum‚
1247 512 1522 576 exquifite
1543 512 1811 563 nondum
1833 512 2061 574 cognita
2081 510 2234 569 loca;
2257 509 2309 560 &
2329 509 2418 560 In·
2469 521 2490 554 5

227 597 681 643 strumentorum
703 587 913 650 quibus
935 585 1270 636 altitudines
1291 583 1387 634 hae
1409 585 1797 634 communiter
1819 584 2130 645 capiuntur
2149 583 2248 631 vix
2273 596 2418 644 prae-

228 662 484 714 cifiorem
506 674 685 723 quarn
705 661 766 708 in
787 657 917 720 ipsls
937 655 1227 720 gradibuS,
1254 654 1347 705 vel
1369 669 1576 705 eorum
1602 653 1928 712 medietate,
1957 652 2377 703 certitudinem.
2401 646 2420 718 ΙΙ

228 779 845 842 ALTITVDINES
874 775 1288 849 ALIQVOT
1315 775 1735 834 FIXARVM
1761 774 1894 833 AD
1925 773 2292 833 MOMEN
2299 771 2420 831 TA
2454 783 2546 825 14r

381 870 710 923 ECLIPSIS
732 868 983 920 IUXTA
1005 866 1407 918 PROPRIAM
1429 865 1802 917 MOTUUM
1825 863 2268 916 RATIONEM.

899 962 1092 1025 Caput
1106 961 1298 1012 Gemi.
1314 960 1576 1011 meridia.
1595 960 1862 1011 eleuatur
1877 959 1931 1010 13
1947 958 2127 1010 Grad.
2144 966 2280 1009 ante
2293 958 2420 1008 Me·
2477 969 2518 1002 10

968 1033 1264 1083 ridianum
1284 1031 1456 1095 supra
1477 1031 1869 1081 Horizontem
1891 1029 2271 1081 Orientalem.

899 1104 1093 1167 Caput
1122 1102 1314 1154 Gemi.
1341 1101 1604 1153 Borealis
1632 1101 1841 1152 eodem
1867 1101 2046 1152 modo
2074 1100 2340 1151 eleuatur
2366 1099 2423 1151 18

972 1174 1073 1226 Gr.

898 1245 1118 1309 Aquila
1145 1244 1320 1295 habet
1341 1245 1711 1295 altitudinem
1737 1243 2223 1307 pomeridianam,
2251 1241 2423 1306 supra

969 1317 1360 1367 Horizontem
1381 1314 1801 1366 occidentalem
1822 1314 1878 1366 18
1900 1314 2174 1365 Partium.
2478 1323 2518 1356 15

899 1389 1051 1452 Lyra
1071 1386 1243 1450 supra
1263 1386 1518 1437 eundem
1540 1386 1805 1436 eleuatur
1825 1385 2085 1449 partibus
2105 1384 2219 1438 33-32

902 1482 1095 1545 Caput
1118 1481 1310 1532 Gemi.
1333 1480 1534 1531 merid.
1558 1479 1732 1530 habet
1753 1479 1935 1530 altitu.
1956 1479 2043 1532 21&
2064 1486 2199 1530 ante
2219 1478 2421 1529 merid.

902 1553 1096 1616 Caput
1113 1552 1304 1603 Gemi.
1323 1551 1508 1615 Septe.
1525 1550 1701 1602 habet
1721 1550 1837 1602 alti.
1853 1550 1923 1601 26
1943 1558 2085 1614 part.
2103 1556 2237 1601 ante
2259 1552 2421 1600 meri.

866 1657 869 1659 »
903 1624 1085 1675 Canis
1105 1625 1299 1673 minor
1319 1621 1494 1673 habet
1515 1622 1735 1673 altitud.
1758 1622 1814 1675 3}
1842 1629 1976 1672 ante
1997 1621 2199 1672 merid.

902 1694 1132 1746 Sinifter
1152 1709 1253 1757 pes
1276 1693 1513 1745 Orionis
1534 1692 1709 1744 habet
1730 1692 1912 1744 altitu.
1935 1693 2006 1744 10.
2030 1699 2164 1743 ante
2184 1692 2386 1743 merid.
2473 1701 2519 1735 20

901 1765 1111 1816 Vultur
1131 1764 1339 1815 volans
1359 1764 1534 1815 habet
1556 1763 1776 1814 altitud.
1793 1763 2075 1827 pomerid.
2098 1764 2130 1814 9
2151 1765 2421 1827 partium.
2543 1759 2546 1761 ’

292 1898 357 1947 In
378 1898 493 1948 fine
515 1900 689 1947 totius
712 1896 807 1946 Ob*
874 1862 882 1955 Ι
905 1860 1086 1911 Canis
1106 1862 1299 1909 minor
1321 1859 1586 1909 eleuatur
1609 1858 1665 1909 G
1687 1859 1742 1909 17
1764 1866 1898 1909 ante
1919 1859 2121 1909 merid.

374 1967 727 2019 [curationis
905 1931 1086 1982 canis
1107 1933 1296 2011 massor
1317 1930 1348 1979 4
1369 1937 1511 1993 part·
1536 1945 1670 1980 cum
1690 1931 1717 1982 ξ’
1739 1936 1872 1980 ame
1894 1929 2097 2011 Πᾎθῐίᾶ·

869 1964 886 2065 Ι
905 2001 1024 2053 Cor
1046 2002 1258 2052 Leonis
1281 2001 1546 2051 eleuatur
1565 2001 1630 2054 3}
1650 2007 1784 2051 ante
1805 2001 2007 2051 mend,

234 2134 299 2183 In
320 2133 520 2183 Vltimo
542 2132 657 2182 fine
679 2135 853 2182 totius
875 2098 883 2190 Ι
904 2096 1114 2147 Cauda
1136 2096 1348 2177 Leonis
1369 2095 1544 2146 habet
1562 2095 1785 2177 altitud.
1808 2095 1851 2145 P
1871 2096 1921 2148 12}-
1942 2103 2076 2145 ante
2097 2094 2298 2177 merid.
2475 2104 2519 2138 25

905 2167 1024 2217 Cor
1045 2167 1258 2217 Leonis
1280 2166 1455 2217 habet
1476 2166 1695 2217 altitud.
1720 2166 1806 2219 12}
1826 2173 1960 2217 ante
1982 2166 2184 2217 merid.

875 2207 882 2295 ι
904 2238 1124 2288 Lucida
1145 2238 1369 2301 Hydrae
1391 2236 1567 2288 habet
1588 2237 1620 2287 2
1644 2237 1824 2288 Grad.
1848 2244 1982 2288 ante
2003 2237 2205 2288 merid.

305 2334 478 2392 Hinc,
509 2331 657 2384 fac'ta
684 2332 1003 2383 altitudinis
1032 2331 1434 2382 obseruatione
1462 2332 1710 2382 alicuius
1741 2331 1955 2382 harum
1984 2331 2255 2391 fixarum,
2285 2338 2424 2382 tem-

233 2419 372 2466 pore
401 2403 591 2454 debito
619 2402 796 2453 huius
823 2403 1078 2466 deliquij‚
1109 2402 1436 2466 periculum
1468 2402 1595 2453 fieri
1623 2410 1824 2466 potest,
1856 2410 2049 2453 vtrum
2081 2402 2272 2453 nostra
2303 2417 2424 2452 mo-

234 2481 400 2524 tuum
421 2477 583 2533 rati0‚
613 2477 985 2537 experientiae
1008 2473 1262 2524 consona
1282 2473 1344 2524 fit
1365 2489 1471 2524 nec
1493 2489 1583 2523 116.
1618 2475 1812 2537 Atque
1840 2472 2122 2525 hactenus
2143 2474 2425 2524 Astrono-
2476 2482 2522 2516 30

234 2548 447 2595 micam
480 2545 998 2595 considerationem
1030 2544 1207 2595 huius
1242 2544 1477 2608 deliquij
1515 2544 1895 2595 absoluimus:
1930 2560 2087 2595 nunc
2117 2544 2425 2608 Astrologi-

236 2631 364 2665 cam
385 2616 798 2679 aggrediemur.
823 2611 841 2681 ΙΙ

246 1145 311 1194 In
332 1146 494 1193 initio
517 1145 721 1205 primae
744 1141 840 1191 ob-

263 1214 600 1265 scurationis
623 1213 824 1263 Lunae.

266 1592 331 1641 In
352 1594 516 1642 initio
537 1594 710 1641 totius
733 1590 828 1640 ob-

371 1661 724 1712 [curationis

423 2203 668 2267 Eclips1S.

1894 3204 2424 3257 CONSTITVTIO
