2678 4069
286 195 466 248 XLVI
824 183 1492 238 PROLEGOMENA
1521 181 1922 233 EDITORIS

286 336 445 382 erant,
468 335 579 372 tum
608 328 717 370 aliis
743 336 938 374 rursus,
962 335 1080 376 quae
1107 333 1200 375 per
1226 321 1323 362 has
1350 320 1580 363 definitae
1602 322 1765 370 erant,
1787 319 1969 372 Tycho
1991 319 2142 361 nixus
2165 319 2467 372 catalogum

284 404 550 446 stellarum
571 396 822 452 paulatim
850 395 917 437 ad
944 394 1104 435 finem
1125 391 1383 446 perduxit,
1407 402 1530 433 cum
1551 391 1741 433 eadem
1762 401 1972 443 semper
1992 389 2195 431 ratione
2215 391 2465 439 uteretur,

285 486 386 527 qua
412 472 463 512 in
490 480 680 512 novem
703 467 796 508 illis
824 462 1128 507 definiendis
1149 474 1274 504 usus
1295 464 1422 504 erat.
1448 460 1870 515 Uniusquusque
1890 460 2054 502 stellae
2076 458 2378 501 distantiam
2400 458 2465 501 ab

284 543 391 585 aliiS
414 540 631 588 duabus,
655 539 818 579 altera
841 532 1184 583 antecedenti,
1203 533 1368 574 altera
1390 530 1746 584 consequenti,
1764 529 1988 572 dimetiri
2008 530 2228 579 solebat,
2244 529 2324 572 sin
2337 541 2466 572 vero

281 613 507 666 majores
538 612 686 651 erant
715 605 1102 654 declinationes,
1134 601 1546 656 comparationis
1575 613 1737 644 causa
1763 604 1869 643 tres
1895 601 2060 643 stellae
2087 611 2230 654 saepe
2258 600 2468 643 adhibe-

283 685 482 725 bantur.
500 680 597 721 Vix
618 682 796 720 tamen
818 688 949 730 opus
971 678 1048 718 est
1069 674 1259 724 dicere,
1279 673 1480 727 singula
1501 673 1620 716 loca
1641 673 1911 715 stellarum
1933 683 2039 714 non
2061 671 2195 714 adeo
2218 674 2467 714 accurate

281 752 490 795 definita
519 762 646 799 esse,
676 760 835 802 quam
863 757 1056 789 novem
1083 745 1353 787 stellarum
1380 742 1746 798 principalium
1773 743 1891 785 loca
1920 741 2133 784 definita
2167 752 2281 784 esse
2306 753 2467 795 supra

279 822 583 865 invenimus.
608 821 684 861 Ita
705 819 786 861 ille
809 818 1078 870 catalogus
1099 816 1183 857 777
1204 815 1474 857 stellarum
1497 817 1642 857 ortus
1663 817 1755 864 est,
1779 812 1866 867 qui
1886 813 1938 854 in
1959 810 2467 866 Progymnasmatis

277 893 413 947 typis
435 891 723 944 descriptus
745 892 835 931 est.
853 888 1004 930 Anno
1022 890 1199 929 autern
1220 885 1330 927 1595
1346 884 1743 928 observationes
1759 885 2029 926 stellarum
2044 883 2273 925 fixarum
2284 883 2323 925 T
2325 883 2466 937 ycho

279 965 448 1006 denuo
466 972 737 1016 aggressus
752 963 844 1010 est,
861 962 917 1001 ut
932 969 1211 1000 numerum
1231 956 1343 998 1000
1359 957 1664 1009 compleret,
1681 958 1732 997 et
1747 955 1850 998 hoc
1867 954 2084 997 consilio
2107 954 2265 996 etiam
2286 953 2467 1008 primis

278 1034 481 1077 duobus
501 1031 767 1074 mensibus
789 1029 910 1072 anni
935 1028 1061 1079 1597,
1085 1040 1207 1070 cum
1228 1027 1280 1069 in
1301 1038 1364 1069 eo
1386 1030 1514 1077 erat,
1538 1030 1594 1069 ut
1616 1026 1860 1068 Hvenam
1882 1025 2212 1079 relinqueret,
2231 1024 2469 1068 celeriter

278 1104 670 1148 observationes
691 1100 919 1144 instituit.
934 1100 1068 1142 Vivo
1084 1098 1334 1152 Tychone
1357 1099 1627 1152 catalogus
1648 1096 1911 1151 perfectus
1926 1096 2069 1139 libris
2083 1099 2289 1138 tantum
2304 1108 2467 1138 manu

275 1175 477 1229 scriptis
504 1173 762 1217 nonnullis
790 1171 912 1214 viris
938 1169 1220 1212 illustribus
1247 1168 1492 1222 privatim
1521 1168 1825 1211 distributus
1852 1170 1944 1218 est,
1973 1167 2066 1209 sed
2093 1170 2212 1221 post
2237 1170 2467 1210 mortem

276 1248 383 1301 ejus
413 1245 463 1288 in
495 1244 764 1287 KEPLERI
791 1240 1012 1285 Tabulis
1041 1238 1410 1293 Rudolphinis
1441 1251 1580 1282 anno
1607 1239 1717 1281 1627
1738 1238 1876 1293 typis
1903 1237 2195 1292 descriptus
2223 1241 2273 1280 et
2300 1237 2467 1280 editus

275 1321 371 1367 est3
396 1312 1013 1359 LONGOMONTANUS
1034 1323 1179 1361 vero,
1198 1311 1284 1365 qui
1304 1310 1356 1352 in
1377 1322 1440 1353 eo
1463 1308 2040 1363 conficiendoTychoni
2060 1308 2316 1362 imprimis
2337 1320 2468 1362 prae-

274 1392 354 1431 sto
382 1388 567 1437 fuerat,
591 1397 753 1439 quare
780 1385 973 1427 multas
1001 1395 1064 1425 ex
1093 1380 1550 1425 observationibus
1570 1380 1948 1434 posterioribus
1969 1379 2073 1422 fide
2095 1379 2331 1434 indignas
2353 1391 2467 1422 esse

276 1459 469 1513 optime
503 1460 738 1507 noverat,
770 1457 854 1498 777
884 1455 996 1497 illas
1029 1454 1204 1496 stellas
1233 1452 1285 1494 in
1314 1450 1720 1494 Astronomiam
1751 1450 2017 1493 Danicam
2050 1463 2203 1493 suam
2234 1450 2467 1505 recipere

274 1529 398 1572 satis
419 1528 614 1571 habuit.

333 1600 451 1643 Non
472 1602 549 1642 est
571 1598 1003 1647 obliviscendum,
1020 1596 1178 1638 etiam
1200 1594 1584 1649 magnitudines
1604 1594 1874 1636 stellarum
1897 1593 1949 1635 in
1970 1594 2212 1647 catalogo
2234 1605 2377 1647 saepe
2398 1593 2468 1636 in-

275 1672 475 1714 dicatas
504 1681 634 1720 esse,
664 1672 820 1723 atque
850 1669 921 1710 ita
953 1667 1179 1722 quidem,
1208 1670 1265 1708 ut
1295 1666 1502 1708 duobus
1533 1664 1720 1708 additis
1750 1664 1956 1719 punctis
1982 1664 2046 1721 (z)
2071 1665 2279 1707 stellam
2308 1665 2466 1718 paulo

273 1742 598 1792 lucidiorem,
620 1752 725 1783 uno
746 1751 874 1782 vero
901 1742 1097 1793 puncto
1119 1738 1182 1794 (·)
1202 1738 1360 1791 paulo
1389 1736 1696 1779 debiliorem
1723 1735 1954 1778 indicata
1975 1735 2331 1790 magnitudine
2353 1747 2467 1778 esse

273 1813 666 1867 significaretur.
704 1811 835 1853 Haec
874 1814 1054 1852 tamen
1088 1808 1259 1862 operis
1292 1819 1415 1861 pars
1448 1819 1554 1850 non
1586 1806 1739 1849 nimis
1773 1806 2042 1861 diligenter
2075 1806 2320 1850 confecta
2352 1818 2467 1849 esse
2542 1844 2545 1846 .

274 1885 621 1997 wsstgtru‘fomm
650 1953 760 1995 fere
791 1953 1047 1995 saeculum
1069 1950 1209 1992 XVII
1241 1949 1372 1991 alius
1402 1949 1573 1991 nullus
1603 1949 1776 2003 major
1805 1949 2077 2003 catalogus
2106 1949 2393 2000 stellarum,
2416 1948 2467 1991 in

275 2037 378 2079 quo
413 2024 785 2068 collocationes
819 2025 1068 2066 accurate
1101 2021 1347 2063 indicatae
1380 2022 1569 2071 essent,
1603 2020 1965 2074 reperiebatur
1997 2032 2159 2074 quam
2185 2019 2464 2073 Tychonis.

273 2097 423 2139 Anno
451 2107 578 2138 vero
610 2094 721 2137 1690
748 2094 794 2136 ei
820 2093 1071 2136 successit
1099 2092 1368 2145 catalogus
1401 2090 1689 2141 HEVELII,
1720 2091 1807 2144 qui
1828 2091 1997 2144 paulo
2024 2094 2138 2134 erat
2167 2090 2469 2134 accuratior

274 2170 323 2209 et
343 2165 696 2208 instrumentis
711 2176 927 2219 prorsus
941 2163 1194 2206 similibus
1211 2162 1484 2205 confectus
1500 2164 1627 2213 erat,
1645 2174 1766 2215 quae
1782 2173 1847 2204 ne
1861 2161 2157 2216 telescopiis
2171 2161 2464 2212 instrueret,

275 2237 521 2280 Hevelius
543 2238 897 2286 recusaverat,
923 2246 1249 2288 quamquam
1272 2234 1381 2288 ejus
1395 2236 1636 2286 tempore
1651 2232 1999 2275 instrumenta
2013 2232 2263 2275 metiendi
2276 2232 2467 2275 talibus

275 2308 451 2350 ornari
481 2307 735 2350 solebant.
769 2306 969 2348 Deinde
1001 2305 1144 2347 initio
1178 2304 1360 2347 saeculi
1389 2304 1554 2345 XVIII
1591 2316 1713 2347 cum
1747 2304 1990 2358 apparuit
2023 2299 2465 2346 FLAMSTEEDII

276 2380 560 2432 catalogus,
583 2377 652 2419 illi
673 2377 832 2419 ambo
854 2378 1009 2430 plane
1031 2376 1417 2419 obsoleverunt.

335 2449 404 2491 Ut
425 2448 820 2491 observationes
842 2459 964 2489 suas
986 2447 1053 2489 ad
1068 2447 1265 2500 justam
1293 2457 1540 2488 normam
1567 2445 1801 2497 referret,
1824 2457 2105 2488 numerum
2134 2449 2466 2489 constantem

274 2519 638 2573 praecessionis
665 2518 964 2560 aestimabat
983 2517 1164 2571 Tycho
1192 2516 1243 2558 51
1260 2519 1300 2567 ”,
1330 2528 1488 2569 quem
1515 2528 1795 2559 numerum
1824 2528 1852 2559 e
1880 2516 2280 2571 comparatione
2312 2517 2467 2560 collo-

275 2590 542 2633 cationum
570 2589 742 2643 Reguli
764 2592 814 2631 et
834 2588 1003 2642 Spicae
1032 2600 1062 2629 a
1089 2599 1145 2629 se
1171 2587 1504 2629 inventarum
1533 2599 1655 2630 cum
1682 2587 1757 2639 iis,
1788 2599 1919 2642 quas
1945 2587 2307 2631 indicaverant
2339 2587 2467 2630 HIP-

274 2660 572 2703 PARCHUS
595 2663 645 2701 et
665 2658 1129 2701 ALBATEGNIUS
1152 2661 1202 2700 et
1225 2658 1644 2709 COPERNICUS,
1663 2658 1850 2702 elicuit.
1869 2658 2000 2701 Cum
2021 2670 2304 2702 numerum
2324 2658 2465 2702 hunc

275 2734 605 2774 constantem
638 2734 908 2781 statueret,
942 2733 1175 2772 veterem
1211 2729 1512 2783 opinionem
1546 2730 1610 2772 de
1642 2729 1990 2784 trepidatione
2024 2729 2466 2784 aequinoctiorum

274 2801 382 2843 sive
403 2801 752 2844 inconstantia
773 2800 1138 2855 praecessionis
1159 2799 1493 2853 improbavit.
1514 2799 1680 2855 Hujus
1700 2804 1882 2843 tamen
1897 2801 2090 2844 erroris
2105 2800 2466 2844 memorabilis

274 2871 548 2914 historiam
569 2872 653 2914 hic
675 2883 781 2914 non
801 2871 1093 2921 scribimus,
1112 2871 1254 2924 quod
1268 2870 1380 2924 jam
1403 2871 1504 2914 alio
1526 2871 1646 2914 loco
1668 2871 1929 2915 fecimus1.
1955 2872 2072 2916 Hoc
2094 2873 2267 2915 solum
2287 2871 2340 2914 in
2359 2883 2466 2914 me-

273 2942 501 2985 moriam
522 2953 854 2993 revocamus,
878 2945 1053 2985 ortum
1076 2953 1197 2983 eum
1219 2953 1333 2983 esse
1354 2941 1488 2984 inter
1509 2941 1859 2985 HIPPARCHI
1882 2946 1932 2985 et
1951 2943 2025 2985 PT
2028 2942 2317 2985 OLEMAEI
2337 2945 2465 2985 tem-

273 3025 404 3067 pora
434 3013 778 3067 (quamquam
808 3012 892 3055 hic
924 3012 1033 3066 ejus
1063 3011 1386 3054 mentionem
1412 3023 1519 3055 non
1546 3012 1704 3069 facit),
1728 3016 1777 3055 et
1797 3013 2029 3067 primum
2056 3014 2166 3068 ejus
2187 3015 2463 3056 auctorem

274 3083 432 3125 fuisse
447 3083 610 3125 videri
625 3083 1037 3125 Alexandrinum
1059 3083 1302 3136 aliquem,
1321 3083 1408 3136 qui
1428 3082 1480 3124 in
1500 3082 1607 3124 fixa
1628 3083 2041 3136 Babyloniorum
2062 3084 2311 3138 Ecliptica
2330 3083 2465 3138 prin-

275 3153 467 3207 cipium
483 3153 748 3207 signorum
759 3153 1115 3196 Zodiacalium
1132 3153 1310 3206 quinto
1327 3153 1436 3195 fere
1451 3153 1905 3207 graduiEclipticae
1920 3155 2129 3198 mobilis
2144 3155 2464 3209 respondere

334 3238 343 3261 ¹
368 3237 545 3282 History
565 3238 614 3271 of
629 3239 695 3271 the
716 3237 944 3281 Planetary
966 3237 1171 3281 Systems
1192 3248 1257 3281 pp.
1273 3237 1342 3271 203
1363 3239 1400 3270 et
1421 3236 1499 3270 276.
