2678 4069
197 69 263 119 76
764 55 1303 111 APPENDICES
1330 55 1450 106 AD
1479 54 1811 106 LIBRUM

2409 190 2496 233 24ν

1006 823 1010 827 ’
1053 835 1308 897 Solsh‘tiu
1320 860 1366 889 m
1399 833 1509 892 Hya.
1553 802 1595 830 Ι

1177 919 1334 985 Anno
1361 941 1448 968 rm

342 2038 775 2090 YBERNALIS
797 2038 1020 2103 Solstitij
1038 2037 1242 2102 figurae
1264 2042 1311 2096 ὅ·
1332 2038 1560 2089 videtur
1574 2038 1820 2101 praeesse‚
1838 2039 2097 2088 maxime
2113 2039 2252 2101 quia
2267 2037 2378 2088 Lu-

353 2126 447 2161 nae
458 2110 655 2161 locum
667 2110 926 2173 disponit,
942 2109 992 2160 8(
1003 2111 1268 2173 proxime
1280 2109 1400 2172 post
1412 2108 1609 2160 Solem
1621 2108 1843 2168 occidit,
1853 2108 2024 2172 supra
2036 2123 2173 2159 eum
2185 2107 2378 2160 eleua-

187 2188 294 2232 tus.
325 2181 436 2232 Sed
458 2187 512 2232 et
530 2180 566 2244 b
584 2180 876 2244 dispositor
895 2180 1106 2231 Martis
1127 2180 1444 2244 angulique
1464 2179 1753 2243 sequentis
1776 2179 1921 2242 (non
1941 2179 2187 2231 dubium
2208 2185 2291 2230 est
2316 2191 2373 2229 xx

187 2252 462 2312 occidere,
492 2267 561 2302 eo
583 2252 741 2315 quod
767 2251 828 2302 fit
854 2251 1165 2315 longarum
1185 2250 1636 2310 descenfionum,
1666 2251 1717 2302 8(
1742 2256 1972 2314 tempus
1995 2250 2202 2315 solstitij
2227 2251 2377 2314 assig-

185 2329 391 2374 natum
405 2338 527 2373 non
541 2322 862 2386 plurimum
876 2321 1147 2373 aberrare
1168 2328 1354 2386 potest
1374 2337 1411 2373 a
1429 2321 1593 2384 vero)
1616 2322 1891 2373 dominus
1912 2324 2117 2381 existit,
2137 2321 2189 2373 8(
2209 2321 2380 2372 Luna
2428 2330 2449 2364 5

187 2394 260 2444 eft
286 2409 420 2444 cum
445 2393 567 2444 lino
588 2393 833 2445 Piscium
854 2393 1252 2453 Meridionali,
1280 2392 1458 2444 stellis
1479 2393 1549 2444 de
1580 2399 1793 2444 natura
1812 2392 2048 2444 Saturni
2076 2391 2299 2457 frigida,
2327 2392 2379 2443 8(

185 2463 457 2515 nonnihil
491 2466 523 2525 ἔξ
545 2505 555 2524 ,
597 2469 644 2522 <3¹
670 2467 846 2516 etiam
867 2480 1002 2515 cum
1021 2464 1199 2515 stellis
1220 2466 1282 2514 in
1302 2479 1544 2527 corpore
1572 2466 1605 2512 Z
1631 2470 1858 2515 naturae
1880 2463 2188 2515 Saturniae.
2209 2462 2378 2514 Vnde
2442 2482 2445 2485 ’

186 2538 361 2586 etiam
388 2551 459 2586 ex
485 2534 596 2586 hac
624 2535 757 2587 coeli
783 2535 1129 2600 figuratione
1159 2534 1388 2600 hyemis
1415 2535 1738 2586 constitutio
1765 2534 1967 2598 aspera
1994 2541 2048 2585 et
2072 2534 2217 2586 fleca
2244 2549 2379 2585 cum

184 2605 317 2670 gelu
344 2612 397 2657 et
422 2605 631 2670 frigore
659 2606 998 2670 defignatur.
1034 2606 1223 2657 Niues
1250 2609 1425 2657 etiam
1449 2605 1551 2657 suo
1577 2612 1839 2669 tempore
1867 2605 2115 2669 copiosae
2144 2611 2379 2669 propter

185 2676 637 2740 applicationem
656 2682 691 2735 ς.)
710 2677 784 2728 ad
806 2692 1015 2740 corpus
1034 2676 1071 2741 b
1089 2679 1151 2727 in
1177 2680 1233 2736 [l
1260 2677 1470 2728 Martis
1490 2676 1837 2728 indicantur.
1865 2677 1944 2727 At
1965 2679 2105 2740 quia
2126 2676 2296 2727 Luna
2315 2678 2378 2726 in
2431 2683 2473 2718 10

187 2756 249 2801 V
267 2747 396 2798 Ioui
411 2747 661 2811 applicat
676 2754 729 2799 et
742 2747 914 2811 supra
934 2747 1081 2799 alios
1103 2747 1422 2807 eleuentur‚
1444 2746 1753 2811 pulchram
1772 2747 2137 2798 serenitatem
2158 2753 2212 2798 et
2230 2746 2377 2798 salu-

184 2818 346 2868 brem
366 2818 572 2869 statum
591 2819 858 2882 portendi
879 2834 1334 2882 nonnumquam
1353 2818 1659 2869 verisimile
1682 2818 1771 2869 est.
1790 2818 2159 2870 Generaliter
2179 2823 2378 2869 autem

184 2891 458 2939 transitus
478 2888 513 2952 b
531 2904 634 2952 per
644 2889 983 2953 posteriores
994 2896 1186 2953 partes
1205 2897 1258 2954 m
1277 2889 1494 2953 gelidas
1510 2889 1740 2953 asperas
1753 2888 1803 2940 8(
1815 2888 2121 2940 diuturnas
2135 2888 2377 2954 hyemes

185 2960 488 3021 portendit.
517 2959 629 3010 Sed
650 2976 806 3010 nunc
827 2959 1024 3011 relicta
1043 2959 1254 3024 hyeme
1275 2975 1377 3010 ver
1398 2960 1814 3024 aggrediemur.

1974 3170 2374 3222 IMPERIUM
