2678 4069
255 181 498 233 XXVIII
797 167 1458 223 PROLEGOMENA
1486 163 1883 216 EDITORIS

253 321 382 366 sunt,
406 326 591 368 parum
618 315 756 354 recte
783 309 1148 361 intellegentes,
1171 304 1265 347 etsi
1292 304 1359 346 ad
1386 304 1584 345 nullam
1611 301 1770 344 aliam
1791 313 1905 344 rem
1925 301 2076 343 utiles
2096 304 2245 343 erant
2266 313 2428 355 quarn

254 388 318 429 ad
339 386 570 427 tabulam
593 378 994 435 geographicam
1015 376 1199 417 insulae
1221 374 1425 416 Hvenae
1447 371 2041 426 circumjacentiumque
2060 374 2324 414 terrarum
2345 372 2429 414 de-

252 454 576 509 pingendam,
600 451 790 492 mirum
816 448 868 489 in
894 447 1113 489 modum
1134 445 1253 487 inde
1274 442 1639 494 concluserint,
1663 441 2304 489 directionem‚meridiani
2323 453 2430 485 non

251 527 321 566 ita
343 524 605 576 diligenter
619 519 907 572 aTychone
930 516 1199 558 definitam
1221 525 1349 564 esse,
1367 525 1527 567 quam
1549 525 1580 554 a
1599 515 1747 555 tanto
1769 512 2112 555 observatore
2126 515 2430 566 exspectan-

252 596 374 636 dum
396 595 542 634 esset.
561 592 624 631 At
644 587 901 641 inquisitio
922 587 1023 637 illa,
1042 586 1187 640 quus
1208 596 1374 638 nuper
1394 583 1716 626 mentionem
1738 582 1974 633 fecimus,
1991 582 2094 625 hoc
2109 582 2295 638 injuria
2311 594 2431 625 con-

252 666 451 706 clusum
468 673 579 703 esse
594 661 745 713 plane
762 657 999 708 ostendit,
1018 668 1080 698 ac
1096 667 1307 698 summa
1322 666 1449 697 cura
1465 657 1515 696 et
1529 652 1790 707 diligentia
1803 652 2067 707 Tychonis
2083 653 2430 695 instrumenta

251 735 508 775 collocata
529 734 579 772 et
598 732 823 771 tractata
845 739 957 770 esse
979 727 1150 769 denuo
1173 724 1524 768 confirmavit,

308 801 710 844 Observationes
739 800 1006 852 perpetuae
1034 796 1365 838 altitudinum
1391 795 1524 837 Solis
1551 793 1963 837 meridianarum
1984 805 2185 848 paucos
2205 797 2324 847 post
2345 806 2432 836 an-

249 885 342 915 nos
364 874 608 914 eventum
630 870 939 918 habuerunt,
957 867 1043 920 qui
1065 866 1386 920 aliquamdiu
1407 865 1495 907 vix
1516 864 1766 919 explicari
1786 867 2008 918 poterat.
2033 864 2163 906 Cum
2185 864 2430 907 observa-

248 944 412 985 tiones
439 942 610 982 Stellae
639 939 832 982 Polaris
858 939 910 980 in
937 937 1308 980 culminatione
1335 936 1604 990 superiore
1625 939 1676 978 et
1695 935 1941 978 inferiore
1970 935 2076 989 poli
2105 935 2431 977 altitudinem

249 1012 541 1066 praeberent
572 1009 795 1060 5505415,
830 1009 967 1051 unde
1001 1008 1218 1050 altitudo
1252 1006 1560 1061 AEquatoris
1596 1006 1872 1048 eveniebat
1903 1005 2101 1057 34⁰5⁴.⁵‚
2137 1005 2433 1047 altitudines

249 1083 377 1125 Solis
408 1082 548 1124 circa
577 1080 853 1123 solstitium
883 1079 1126 1121 aestivum
1157 1078 1381 1121 eandem
1412 1077 1609 1120 dabant
1637 1077 1741 1119 illae
1771 1076 1999 1131 quidem,
2023 1076 2166 1119 circa
2186 1086 2314 1118 vero
2335 1076 2433 1119 sol-

247 1153 440 1196 stitium
470 1152 745 1194 hibernum
772 1149 968 1194 3409¹.s.
993 1150 1167 1200 Quare
1196 1149 1339 1191 initio
1370 1151 1583 1202 recepta
1613 1150 1690 1190 est
1721 1147 1939 1190 altitudo
1966 1147 2128 1198 3407‘,
2158 1146 2277 1189 dein
2302 1157 2430 1189 vero

248 1237 339 1278 per
366 1223 574 1276 aliquod
600 1226 807 1274 tempus
835 1220 971 1262 binae
993 1219 1322 1274 longitudinis
1343 1220 1475 1262 Solis
1496 1218 1725 1262 rationes
1746 1218 2163 1269 instituebantur,
2188 1216 2431 1259 adhibitis

249 1293 599 1336 altitudinibus
626 1291 876 1334 3405‘3o‘¹
903 1294 952 1333 et
978 1290 1244 1333 34⁰9⁴50“.
1276 1291 1393 1333 Huc
1422 1289 1659 1341 accessit,
1689 1289 1832 1342 quod
1858 1289 2138 1342 obliquitas
2165 1287 2430 1342 Eclipticae

247 1366 273 1406 2
288 1368 297 1383 ‘
313 1365 482 1418 major
502 1374 614 1406 esse
635 1362 992 1415 reperiebatur
1011 1374 1090 1413 ea,
1114 1374 1275 1415 quam
1295 1361 1566 1404 invenerat
1582 1359 1986 1402 COPERNICUS
2006 1359 2088 1401 23⁰
2102 1358 2158 1401 28
2172 1361 2203 1409 ‘;
2225 1357 2431 1401 theoria

247 1447 372 1477 vero
396 1437 569 1476 motus
585 1433 716 1476 Solis
732 1432 1004 1486 Copernici
1025 1432 1091 1474 ab
1113 1432 1405 1475 observatis
1427 1432 1559 1475 Solis
1579 1431 1709 1474 locis
1730 1442 1873 1484 saepe
1894 1430 2221 1484 aliquantum
2243 1429 2431 1472 discre-

246 1506 419 1559 pabat.
454 1505 683 1547 Priorem
721 1503 1071 1545 differentiam
1102 1503 1174 1545 ita
1206 1502 1647 1556 interpretabatur
1677 1501 1928 1553 TYCHO,
1962 1504 2019 1543 ut
2057 1499 2431 1543 refractionem

248 1576 389 1626 lucis,
422 1575 631 1628 quando
663 1586 842 1616 mense
872 1573 1154 1616 Decembri
1182 1573 1392 1616 humilis
1422 1576 1558 1616 esset
1588 1573 1720 1616 Solis
1749 1575 1931 1623 status,
1964 1571 2291 1614 altitudinem
2321 1571 2432 1620 eius

247 1647 526 1688 immutare
553 1648 778 1698 putaret;
808 1644 1215 1698 discrepantiam
1236 1656 1379 1695 vero,
1409 1657 1570 1698 quam
1598 1656 1629 1686 a
1655 1643 1845 1686 tabulis
1875 1643 2008 1686 Solis
2035 1641 2432 1685 observationes

247 1717 567 1771 praebebant,
584 1716 655 1757 ita
676 1716 986 1769 explicabat,
1004 1718 1059 1757 ut
1079 1715 1394 1770 Fruenburgi
1416 1714 1691 1765 Borussiae,
1707 1714 1796 1757 ubi
1817 1713 2213 1757 observationes
2234 1712 2433 1755 fecerat

249 1787 578 1841 Copernicus,
596 1786 920 1828 altitudinem
940 1786 1046 1839 poli
1066 1786 1198 1828 falso
1219 1786 1365 1828 illum
1385 1786 1679 1828 aestimasse
1701 1785 2057 1828 arbitraretur.
2083 1784 2152 1827 Ut
2172 1784 2269 1826 has
2290 1782 2433 1826 dubi-

247 1858 468 1900 tationes
489 1860 800 1907 removeret‚
822 1859 1005 1898 aestate
1028 1857 1147 1898 anni
1173 1856 1283 1898 1584
1313 1857 1522 1898 ELIAM
1546 1856 1706 1898 OLAI
1738 1856 2051 1910 discipulum
2071 1867 2227 1898 suurn
2248 1854 2433 1896 Fruen-

248 1929 469 1981 burgum
491 1927 642 1978 misit,
661 1927 746 1979 qui
765 1939 859 1980 per
878 1930 1187 1978 sextantem,
1206 1939 1364 1980 quem
1379 1939 1562 1970 secum
1575 1928 1780 1978 tulerat,
1800 1926 2096 1969 altitudines
2111 1925 2244 1968 Solis
2264 1925 2432 1968 stella-

249 2009 468 2050 rumque
496 1997 811 2039 meridianas
839 1997 1155 2040 dimetiendo
1178 1998 1505 2040 altitudinem
1525 1998 1630 2052 poli
1651 1997 1841 2051 reperit
1861 1996 1942 2039 54ο
1956 1997 2075 2048 2213
2099 2007 2224 2039 cum
2246 1996 2433 2050 Coper-

249 2068 395 2110 nicus
422 2068 727 2121 sumpsisset
752 2067 964 2113 5401932.
989 2069 1118 2122 Ergo
1147 2079 1383 2110 errorem
1411 2069 1697 2111 admiserat
1718 2068 2036 2122 Copernicus
2056 2067 2146 2119 232,
2171 2066 2257 2120 qui
2283 2077 2432 2109 error

248 2139 400 2180 simul
440 2150 562 2180 cum
599 2137 889 2192 ignorantia
928 2138 1255 2181 refractionis
1294 2138 1418 2181 vitia
1455 2139 1758 2181 tabularum
1791 2139 1923 2182 Solis
1956 2138 2081 2181 satis
2114 2137 2427 2192 explicabat.

250 2209 423 2259 Quare
445 2221 474 2250 a
496 2220 675 2251 mense
696 2209 926 2262 Augusto
949 2208 1070 2250 anni
1095 2209 1205 2251 1584
1225 2209 1276 2251 in
1296 2210 1438 2252 libris
1459 2209 1892 2252 observationum
1910 2208 2175 2263 Tychonis
2195 2220 2302 2252 non
2316 2209 2430 2264 jam

250 2279 560 2321 adhibentur
581 2279 717 2320 binae
738 2279 1032 2321 altitudines
1053 2279 1376 2333 AEquatoris,
1399 2281 1491 2323 sed
1511 2293 1617 2322 una
1638 2280 1856 2322 altitudo
1876 2279 1957 2322 340
1972 2281 1998 2321 5
2012 2282 2022 2298 ¹
2037 2279 2144 2322 30⁴¹.

308 2349 534 2391 Effectus
562 2349 888 2392 refractIOnis
918 2361 1081 2403 prope
1111 2350 1443 2393 horizontem
1472 2363 1578 2394 non
1607 2352 1761 2405 plane
1791 2352 2015 2393 latuerat
2040 2353 2259 2393 veteres.
2289 2351 2431 2394 Sicut

249 2420 671 2462 PTOLEMAEUS
701 2419 1159 2471 animadverterat,
1182 2422 1374 2473 Solem,
1398 2433 1522 2464 cum
1542 2422 1593 2464 in
1614 2421 1941 2475 aequinoctiis
1968 2424 2119 2473 esset,
2142 2425 2193 2464 et
2214 2422 2430 2464 meridie

249 2494 297 2532 et
324 2502 485 2543 prope
514 2493 687 2532 ortum
716 2501 1072 2544 occasumque
1093 2491 1144 2533 in
1165 2493 1323 2545 plano
1346 2492 1486 2535 anuli
1507 2493 1616 2547 ejus
1637 2492 1936 2546 AEquatorii
1957 2504 2063 2535 non
2082 2504 2298 2547 prorsus
2320 2504 2432 2546 per-

250 2562 500 2602 manere¹.
536 2561 636 2602 Sed
672 2572 795 2603 cum
828 2562 1159 2604 Alexandriae
1193 2563 1410 2606 altitudo
1445 2563 1576 2606 Solis
1609 2563 1901 2606 meridiana
1932 2575 2226 2617 numquam
2259 2562 2432 2606 minor

249 2634 383 2673 esset
402 2631 496 2681 35⁰,
520 2632 914 2674 observationes
941 2633 1065 2687 ejus,
1089 2645 1208 2686 quae
1235 2633 1286 2675 in
1313 2633 1604 2676 meridiano
1630 2634 1844 2686 fiebant,
1866 2634 2182 2677 refractione
2203 2645 2309 2676 non
2329 2637 2432 2676 tur·

249 2701 544 2743 babantur2.
581 2702 754 2744 Medio
789 2706 967 2744 autem
1000 2715 1118 2746 aevo
1150 2704 1468 2746 ALHAZEN
1500 2704 1671 2747 Arabs
1709 2704 2038 2747 refractionis
2075 2704 2431 2758 inquisitiones

249 2772 506 2824 quasdam
543 2772 853 2823 instituerat,
890 2785 1020 2826 quas
1057 2777 1241 2827 postea
1271 2774 1560 2817 VITELLO
1595 2775 1890 2818 Germanus
1929 2778 2320 2818 commentatus
2353 2778 2431 2818 est

248 2842 412 2895 (cujus
433 2843 799 2885 commentarii
821 2855 865 2886 a.
888 2844 998 2885 1572
1019 2845 1140 2886 editi
1160 2845 1317 2901 sunt);
1342 2857 1670 2898 quamquam
1683 2845 1920 2899 Tychoni
1934 2857 2040 2888 non
2054 2847 2208 2899 plane
2224 2849 2429 2888 certum

249 2915 374 2961 erat,
398 2915 635 2954 essentne
655 2925 711 2955 re
732 2925 858 2955 vera
878 2918 1094 2967 peracta
1114 2915 1201 2957 illa
1222 2916 1596 2969 experimenta,
1620 2927 1739 2968 quae
1761 2916 2160 2970 descripserant,
2178 2916 2430 2970 quoniam

249 2982 467 3024 armillae
500 2994 685 3024 eorum
716 2983 841 3025 satis
875 2988 1121 3027 accurate
1155 2985 1414 3028 confectae
1447 2997 1560 3028 esse
1592 2997 1699 3029 non
1731 2986 2034 3041 potuissent.
2064 2986 2428 3041 Norimbergae

309 3088 318 3111 ¹
342 3088 462 3132 Synt.
487 3089 542 3122 III
569 3090 581 3122 l
607 3089 658 3132 (p.
679 3089 742 3123 197
764 3089 974 3135 Heiberg).

307 3146 322 3169 2
344 3146 533 3180 Ceterum
553 3146 595 3180 in
620 3147 777 3191 Opticis
799 3148 908 3192 (quae
923 3149 1135 3193 Tychonis
1156 3154 1338 3194 tempore
1360 3153 1457 3186 nota
1477 3161 1563 3186 non
1584 3151 1715 3193 erant)
1739 3152 1984 3201 Ptolemaeus
2005 3154 2259 3197 exposuerat,
2274 3151 2428 3197 quibus

250 3203 534 3246 experimentis
554 3205 615 3239 lex
636 3206 902 3246 retractionis,
924 3218 1017 3251 quae
1039 3207 1081 3242 in
1103 3208 1194 3243 aete
1215 3211 1252 3244 et
1272 3219 1381 3253 aqua
1401 3210 1565 3250 valeret,
1587 3209 1751 3245 definiri
1771 3213 1921 3254 posset.
