2678 4069
90 413 171 455 ,26Γ

114 2909 155 2943 10

631 273 743 325 DE
771 274 1012 326 NOVA
1039 275 1356 327 STELLA
1384 274 1976 327 PERTINENTES
2333 276 2401 328 79

1068 1015 1611 1116 monitumffpmmtfs

1065 1120 1314 1172 Solshtiff
1333 1119 1580 1175 Jfidz'uum

346 2257 724 2312 OMINIUM
745 2260 808 2308 in
828 2257 940 2309 hac
961 2257 1161 2309 aestiua
1174 2260 1581 2321 praeuentione
1598 2257 1671 2309 est
1686 2273 1865 2322 penes
1885 2262 1932 2316 d*
1951 2273 2085 2310 cum
2099 2260 2401 2322 participa-

355 2333 514 2382 tione
531 2329 584 2393 b.
613 2329 780 2381 Mars
797 2331 955 2380 enim
970 2344 1105 2380 cum
1119 2328 1240 2393 ipso
1257 2329 1388 2381 loco
1403 2328 1695 2394 nouilunij
1713 2329 1994 2393 partiliter
2007 2331 2218 2389 vnitur,
2240 2332 2301 2380 in
2316 2345 2402 2381 ec-

203 2402 431 2467 cliptica
444 2400 659 2466 pofitus
674 2407 837 2452 extra
852 2416 1092 2451 omnem
1106 2400 1492 2461 latitudinem,
1508 2401 1660 2451 vnde
1676 2408 1810 2451 ante
1826 2400 2205 2464 quatriduum
2219 2415 2256 2451 a
2269 2399 2402 2452 Sole

204 2472 540 2537 ecclipsatus
555 2478 660 2531 est;
679 2471 855 2523 habet
869 2478 1068 2523 autem
1082 2474 1144 2522 in
1158 2471 1289 2523 loco
1305 2470 1703 2524 connectionis
1717 2474 2036 2523 terminum
2049 2471 2173 2522 &in
2187 2471 2402 2535 angulo

203 2544 476 2608 sequente
496 2542 902 2607 triplicitatem,
925 2558 993 2594 ac
1008 2542 1328 2594 Antisciam
1349 2546 1673 2594 intuentem
1689 2542 1816 2594 &in
1836 2542 2158 2606 horoscopo
2173 2541 2404 2606 insuper

204 2615 638 2675 exaltationem,
671 2617 733 2664 in
766 2613 901 2665 coeli
927 2613 1124 2665 medio
1151 2613 1517 2665 domicilium
1545 2613 1792 2678 possidet.
1826 2615 1904 2665 At
1929 2613 1965 2677 b
1989 2616 2152 2665 iuxta
2177 2615 2403 2677 apicem

203 2686 378 2751 medij
403 2685 537 2737 coeli
558 2687 903 2737 constitutus
923 2684 1096 2749 supra
1116 2700 1323 2736 omnes
1344 2684 1492 2736 alios
1513 2685 1779 2749 planetas
1804 2685 2084 2745 eleuatur,
2113 2683 2401 2735 dominus-

205 2773 319 2821 que
341 2756 416 2808 est
435 2756 796 2808 ascendentis
810 2755 950 2820 signi
966 2755 1017 2807 8(
1031 2758 1094 2807 in
1108 2756 1239 2807 loco
1254 2756 1640 2807 luminarium
1654 2756 2042 2820 triplicitatem
2057 2755 2290 2806 obtinet.
2316 2754 2402 2805 Ex

204 2828 316 2880 hoc
330 2827 464 2879 coeli
475 2827 661 2892 pofitu
672 2827 926 2879 aestatem
937 2827 1339 2891 impetuosam,
1352 2827 1574 2887 ficcam,
1583 2827 1955 2887 virulentam,
1966 2826 2401 2890 tempestatibus

203 2901 473 2950 tonitruis
495 2906 549 2950 et
568 2898 796 2963 fulgure
816 2898 967 2962 saepe
988 2897 1492 2950 incandescentem
1509 2913 1782 2963 auguror,
1803 2898 1839 2962 b
1858 2904 2056 2949 autem
2070 2898 2400 2949 constitutio

204 2969 375 3034 supra
396 2985 602 3021 omnes
623 2970 771 3021 alios
791 2972 853 3020 in
874 2969 1009 3021 coeli
1024 2969 1279 3020 culmine
1293 2969 1521 3020 videtur
1536 2969 1793 3020 calorem
1807 2971 2074 3020 minuere
2090 2967 2141 3019 &
2156 2967 2400 3018 obscuri-

204 3048 383 3092 tatem
404 3040 456 3091 8(
475 3043 819 3092 inamenam
845 3042 997 3092 aeris
1025 3040 1367 3104 qualitatem
1394 3039 1712 3100 effundere,
1741 3055 1876 3091 cum
1901 3039 2182 3090 imbribus
2208 3041 2399 3102 inpor-

204 3114 361 3163 tunis
386 3111 437 3162 8(
461 3111 823 3163 nocentibuS.
859 3111 1212 3163 Constitutio
1240 3111 1473 3175 insuper
1499 3111 1885 3162 luminarium
1911 3113 1972 3161 in
1998 3110 2154 3161 sexta
2180 3124 2313 3160 cum
2344 3111 2391 3165 0⁷¹

205 3182 443 3233 morbos
475 3182 620 3234 sicca
644 3182 958 3233 virulentia
993 3181 1287 3233 feruentes
1315 3181 1366 3232 8(
1392 3181 1751 3246 populariter
1783 3182 2085 3246 grassantes
2114 3178 2400 3243 portendit

115 3263 156 3297 ¹5
205 3252 563 3312 hominibus,
591 3268 726 3304 cum
752 3252 857 3304 fint
882 3255 944 3303 in
970 3252 1127 3317 figno
1154 3252 1437 3304 humano,
1472 3254 1666 3316 Atque
1693 3252 1821 3303 haec
1849 3267 1919 3303 ex
1947 3250 2235 3314 nouilunij
2267 3263 2398 3300 con-

206 3325 520 3384 stitutione,
542 3339 701 3375 nunc
721 3323 909 3387 ipsum
929 3322 1224 3374 solstitium
1245 3323 1574 3375 audiamus

1982 3388 2398 3442 SATURNUS
