2678 4069
243 181 367 232 LIV
784 162 1449 220 PROLEGOMENA
1477 159 1878 211 EDITORIS

298 312 680 368 Progredientes
705 310 816 363 jam
845 307 910 348 ad
940 306 1103 346 Lunae
1133 299 1416 344 latitudInis
1447 297 1795 340 mutationem
1824 308 1976 349 aeque
2007 307 2199 349 magna
2225 294 2309 336 hic
2330 294 2424 347 Ty-

241 387 463 429 chonem
491 379 745 423 invenisse
773 376 1076 429 reperimus.
1112 370 1509 414 Inclinationem
1539 369 1703 410 Lunae
1731 367 1916 409 orbitae
1945 367 2199 408 adversus
2226 364 2424 417 Eclipti-

240 467 359 498 cam
381 448 789 494 HIPPARCHUS
811 450 861 488 et
880 441 1308 486 PTOLEMAEUS
1330 440 1726 482 aestimaverant
1745 439 1811 488 5⁰,
1841 449 1999 490 quem
2020 447 2302 478 numerum
2322 446 2424 477 ser-

238 526 455 566 vaverat
482 517 897 562 COPERNICUS.
934 513 1176 556 Nonnulli
1206 515 1386 553 tamen
1414 509 1705 552 astronomi
1731 508 1932 550 Arabes
1959 517 2209 548 numeros
2236 505 2424 548 discre-

237 597 418 648 pantes
439 592 757 637 invenerant‚
786 590 842 628 ut
863 585 971 627 IBN
990 584 1016 635 J
1022 583 1179 626 UNIS
1200 584 1251 623 5⁰
1271 582 1319 624 3¹
1343 582 1425 623 vel
1446 582 1497 622 5⁰
1517 580 1565 622 8‘
1588 591 1703 622 sese
1723 578 1982 621 invenisse
2004 577 2089 619 ait.
2119 577 2158 618 T
2160 576 2422 618 YCHONI

237 665 463 717 primum
497 659 749 702 dubitatio
784 660 930 699 mota
963 656 1060 697 est·
1078 655 1142 696 de
1180 663 1402 694 numero
1437 650 1792 705 Hipparcheo‚
1833 661 1958 691 cum
1997 647 2423 691 observationem

237 733 502 787 quandam
533 732 757 772 cometae
789 727 910 769 anni
943 726 1053 767 1577
1084 725 1151 766 ad
1182 724 1415 766 calculos
1442 724 1675 764 vocaret.
1709 721 1804 763 Die
1835 721 1852 762 1
1885 719 2079 762 mensis
2107 718 2424 760 Novembris

236 806 459 846 cometae
476 800 775 843 distantiam
792 811 822 840 a
838 799 988 839 Luna
1009 795 1273 838 metiendo
1295 794 1566 835 invenerat
1590 792 1665 834 180
1685 791 1742 833 30
1755 794 1780 842 ‘,
1804 803 1928 833 cum
1944 789 2204 832 distantIae
2221 801 2251 830 a
2266 789 2424 831 stellis

236 875 530 916 observatae
562 883 655 925 per
685 868 1111 923 supputationem
1142 865 1412 907 efficerent
1443 863 1746 906 distantiam
1774 875 1805 904 a
1833 863 1982 903 Luna
2019 860 2095 902 18⁰
2121 860 2187 910 9¹,
2222 860 2424 901 ratione

234 944 412 986 habita
431 944 595 984 Lunae
610 939 906 995 parallaxis.
931 937 1084 979 Hanc
1100 935 1510 989 discrepantiam
1530 934 1673 976 initio
1694 931 1997 975 refractioni
2016 931 2309 985 imputavit,
2332 931 2425 973 sed

236 1025 413 1056 mense
433 1013 664 1066 Augusto
687 1010 808 1053 anni
832 1009 959 1059 1587,
988 1020 1112 1050 cum
1135 1007 1284 1048 Luna
1304 1017 1468 1059 prope
1490 1006 1754 1047 Cancrum
1776 1003 2071 1045 maximam
2097 1001 2424 1043 latitudinem

236 1084 631 1127 meridionalem
658 1082 877 1124 haberet
905 1080 1128 1132 ideoque
1153 1081 1266 1119 tam
1293 1078 1499 1119 elevata
1526 1078 1662 1118 esset
1688 1075 1739 1116 in
1766 1075 1915 1125 caelo,
1946 1077 2004 1115 ut
2023 1084 2119 1115 nec
2141 1072 2425 1126 parallaxis

234 1167 329 1197 nec
359 1153 686 1197 refractionis
716 1163 863 1194 error
893 1151 1118 1192 multum
1148 1149 1359 1191 efficere
1388 1150 1581 1201 posset,
1613 1146 2004 1188 inclinationem
2034 1143 2228 1186 invenit
2256 1145 2307 1184 5⁰
2332 1143 2423 1185 15‘.

233 1227 363 1268 Tum
391 1226 602 1278 quidem
630 1224 807 1265 animo
835 1220 1092 1274 concepit,
1120 1220 1233 1261 fieri
1256 1230 1426 1273 posse,
1455 1221 1512 1259 ut
1531 1220 1650 1271 post
1670 1216 1938 1258 Ptolemaei
1956 1219 2200 1268 tempora
2222 1218 2426 1257 mutata

233 1300 367 1339 esset
387 1295 666 1344 inclinatio,
695 1294 787 1336 sed
803 1294 916 1348 jam
938 1303 1076 1334 anno
1101 1289 1337 1344 sequenti
1362 1289 1437 1345 (ut
1457 1301 1522 1331 ex
1543 1288 1763 1342 epistula
1785 1287 1853 1328 ad
1874 1285 2228 1328 BRUCAEUM
2251 1286 2427 1328 Rosto-

233 1367 410 1409 chium
438 1366 598 1408 missa
626 1364 861 1419 apparet)
890 1374 1088 1405 novam
1118 1361 1532 1414 inaequalitatem
1561 1360 1828 1400 Lunarem
1854 1358 1993 1399 hanc
2021 1369 2135 1399 esse
2161 1356 2423 1399 intellexit.

232 1440 414 1480 Postea
446 1448 573 1479 vero
608 1437 800 1477 multas
833 1446 956 1477 suas
990 1432 1386 1475 observationes
1420 1431 1586 1472 Lunae
1619 1429 2000 1483 perscrutando
2034 1427 2426 1470 inclinationem

232 1510 363 1550 inter
382 1508 432 1550 4⁰
452 1507 528 1550 58⁴
552 1507 644 1549 30⁴⁴
666 1510 716 1548 et
735 1507 786 1547 50
811 1506 862 1547 17
874 1508 883 1524 ‘
906 1505 999 1547 30⁴¹
1020 1503 1227 1546 variare
1247 1502 1389 1553 vidit,
1413 1505 1464 1544 et
1484 1512 1664 1543 mense
1686 1499 1981 1553 Septembri
2001 1499 2123 1540 anni
2141 1498 2251 1541 1595
2266 1502 2426 1541 retro-

233 1579 594 1633 gradationem
620 1578 883 1619 nodorum
910 1587 1016 1618 non
1042 1574 1359 1628 aequabilem
1386 1584 1516 1623 esse,
1544 1572 1637 1614 sed
1664 1571 1735 1613 ita
1761 1570 1969 1612 variare
1996 1570 2206 1620 invenit,
2233 1573 2290 1612 ut
2315 1570 2427 1613 veri

232 1650 356 1693 nodi
376 1661 540 1702 usque
563 1650 630 1691 ad
654 1649 700 1690 1⁰
720 1648 797 1690 46⁴
822 1647 1006 1689 mediis
1027 1646 1132 1688 suis
1148 1645 1276 1687 locis
1292 1644 1604 1686 antecedere
1618 1644 1701 1684 vel
1717 1653 1780 1684 ea
1794 1641 2283 1694 subsequipossent.
2308 1641 2425 1684 Hoc

233 1722 303 1763 ita
324 1720 618 1774 explicavit,
645 1722 702 1761 ut
721 1730 907 1760 verum
928 1718 1110 1771 polum
1133 1717 1399 1758 Lunarem
1421 1714 1693 1763 circulum,
1725 1713 1872 1767 cujus
1892 1712 2070 1754 radius
2091 1715 2227 1754 esset
2246 1712 2294 1754 9¹
2317 1712 2425 1764 30⁴⁴,

234 1792 375 1834 circa
397 1791 629 1833 medium
650 1791 831 1843 polum
853 1788 1149 1831 describere
1171 1786 1508 1836 existimaret,
1538 1789 1694 1838 atque
1720 1784 1824 1826 hoc
1849 1783 1921 1825 ita
1943 1783 2170 1836 quidem,
2199 1786 2256 1825 ut
2275 1784 2327 1825 in
2347 1796 2429 1838 sy-

233 1862 394 1916 zygiis
409 1861 674 1903 inclinatio
691 1860 909 1902 minima
923 1859 1083 1914 (quod
1100 1857 1504 1900 mutabilitatem
1516 1857 1861 1898 Ptolemaeum
1875 1854 2088 1896 latuisse
2103 1855 2428 1910 explanaret)

235 1937 285 1975 et
313 1933 364 1974 in
394 1931 725 1985 quadraturis
754 1930 990 1972 maxima
1021 1932 1169 1971 esset.
1204 1928 1336 1970 Haec
1359 1927 1680 1970 constructio
1703 1926 1754 1967 in
1773 1925 2001 1979 syzygiis
2023 1928 2073 1967 et
2094 1926 2428 1978 quadraturis

235 2005 432 2046 nullam
453 2002 594 2045 dedit
614 2002 969 2055 aequationem
990 2000 1140 2042 lineae
1161 2000 1441 2047 nodorum,
1471 1998 1522 2039 in
1543 1997 1840 2040 octantibus
1861 2007 1988 2038 vero
2010 1996 2182 2049 primo
2204 2000 2255 2038 et
2274 1997 2426 2039 tertio

238 2078 286 2127 ἦ-
323 2075 370 2115 10
395 2073 491 2123 46¹,
526 2073 576 2114 in
608 2073 840 2114 secundo
875 2075 925 2113 et
958 2074 1144 2124 quarto
1171 2096 1227 2100 —
1259 2071 1305 2111 10
1330 2069 1427 2120 46’,
1462 2069 1533 2110 ita
1565 2072 1621 2110 ut
1651 2071 1827 2109 motus
1857 2067 2262 2120 proportionalis
2293 2072 2429 2110 esset

235 2145 261 2186 2
291 2144 510 2199 (QfflO).
547 2143 677 2193 Quae
710 2146 887 2184 autem
919 2143 1022 2184 hoc
1058 2142 1218 2183 modo
1253 2141 1463 2182 inventa
1493 2142 1657 2188 erant,
1693 2150 1816 2180 cum
1851 2138 2306 2181 Observationibus
2334 2139 2429 2193 Ty-

237 2214 434 2265 chonis,
464 2214 630 2267 qualis
658 2216 770 2255 erat
793 2225 978 2255 earum
998 2212 1269 2262 subtilitas,
1299 2212 1430 2253 bene
1452 2210 1825 2264 congruebant.
1856 2209 2157 2251 Memoratu
2178 2221 2305 2252 vero
2327 2210 2429 2264 dig-

236 2297 363 2327 num
379 2288 470 2335 est,
487 2285 684 2326 saeculo
700 2284 864 2325 XVIII
882 2283 1041 2326 etiam
1057 2282 1486 2324 NEWTONIUM
1511 2280 1872 2322 HALLEIUM
1895 2280 2220 2322 EULERUM
2238 2281 2427 2323 eadem

237 2355 428 2409 duplici
453 2356 654 2397 ratione
681 2355 1006 2396 latitudinem
1029 2355 1192 2396 Lunae
1221 2352 1527 2402 correxisse,
1557 2351 1627 2393 ita
1653 2354 1710 2392 ut
1736 2351 1800 2393 de
1825 2351 2122 2403 aequatione
2143 2351 2427 2394 inclinatio-

237 2427 314 2468 nis
341 2429 391 2468 et
416 2426 566 2468 lineae
593 2426 856 2467 nodorum
882 2425 1168 2478 separatim
1201 2427 1426 2478 agerent,
1462 2434 1630 2475 neque
1664 2433 1988 2474 quemquam
2022 2425 2142 2464 ante
2170 2422 2425 2464 TOBIAM

240 2496 575 2538 MAYERUM
605 2495 1064 2547 demonstravisse,
1097 2496 1228 2537 duas
1257 2495 1354 2536 has
1385 2493 1738 2536 correctiones
1768 2493 1819 2534 in
1847 2505 2014 2534 unam
2041 2493 2426 2535 correctionem

237 2567 518 2608 latitudinis
539 2567 779 2620 conjungi
800 2578 969 2619 posse,
993 2578 1111 2619 quae
1133 2569 1269 2608 esset
1288 2565 1335 2607 8‘
1358 2564 1451 2606 49⁰
1471 2576 1565 2618 per
1578 2564 1751 2606 sinum
1770 2563 1942 2617 anguli
1957 2563 2316 2616 multiplicata,
2340 2564 2428 2617 qui

238 2638 429 2691 duplex
450 2640 585 2679 esset
606 2637 863 2691 elongatio
886 2649 917 2678 a
938 2637 1071 2687 Sole,
1095 2637 1321 2678 deducto
1345 2638 1653 2689 argumento
1675 2634 1971 2675 latitudinis.

298 2709 478 2761 Itaque
500 2712 618 2750 ante
640 2712 868 2750 mortem
887 2708 925 2748 T
928 2707 1149 2761 ychonis
1171 2718 1379 2760 magnae
1402 2709 1576 2747 motus
1599 2705 1765 2747 Lunae
1790 2705 2211 2758 perturbationes
2241 2717 2427 2748 omnes

238 2778 463 2820 inventae
490 2782 638 2820 erant
663 2782 856 2832 praeter
883 2779 1054 2820 solam
1082 2776 1520 2820 accelerationem
1550 2777 1865 2818 saecularem
1896 2775 2054 2817 medii
2083 2779 2274 2827 motus,
2307 2788 2425 2829 quae

239 2849 347 2890 sine
369 2849 765 2902 comparatione
786 2848 1217 2891 observationum
1237 2848 1559 2889 saeculorum
1579 2846 1748 2899 spatio
1776 2846 2044 2900 interjecto
2072 2846 2425 2889 institutarum

238 2919 456 2961 inveniri
475 2931 581 2962 non
600 2923 806 2973 poterat
827 2923 876 2961 et
896 2920 1092 2961 saeculo
1115 2919 1333 2960 demum
1353 2918 1518 2959 XVIII
1542 2917 1607 2959 ab
1631 2916 1930 2958 HALLEIO
1953 2916 2164 2959 inventa
2185 2921 2277 2959 est.
2309 2919 2427 2960 Post

239 2990 505 3032 Ptolemaei
530 2994 744 3033 aetatem
771 2991 939 3032 nullus
967 2993 1303 3032 astronomus
1331 2991 1450 3030 ante
1469 2987 1777 3041 Tychonem
1803 2987 2035 3029 scientiae
2063 2991 2238 3030 motus
2261 2989 2426 3030 Lunae

241 3061 522 3113 quicquam
545 3060 837 3111 addiderat;
861 3072 1022 3113 quam
1043 3061 1330 3101 immensos
1350 3070 1478 3101 vero
1499 3069 1804 3112 progressus
1825 3057 1909 3100 hic
1931 3057 2152 3100 fecerat!

300 3131 428 3172 Fieri
441 3142 546 3173 non
560 3130 741 3184 potuit,
754 3131 875 3183 quin
891 3130 1139 3172 extremis
1151 3130 1274 3172 vitae
1288 3130 1450 3179 annis,
1462 3129 1673 3182 quando
1688 3131 1766 3170 tot
1780 3128 2111 3182 aegritudines
2119 3129 2426 3182 Tychonem

240 3201 668 3252 circumstabant,
691 3213 883 3255 magna
904 3213 1026 3243 eum
1046 3202 1315 3253 voluptate
1338 3199 1587 3250 affecerit,
1612 3200 1753 3251 quod
1774 3200 1924 3240 Luna
1945 3210 2129 3240 cursus
2150 3197 2244 3247 sui,
2268 3208 2425 3250 quem
