2678 4069
193 147 248 198 X
723 130 1388 187 PROLEGOMENA
1416 126 1820 180 EDITORIS

191 282 357 326 studia
383 291 486 322 non
512 285 823 330 promovere
845 270 1004 314 officii
1024 269 1103 312 sui
1123 268 1365 318 ducebat,
1387 267 1490 310 1100
1511 266 1858 308 instrumento
1878 264 1953 307 uti
1973 266 2195 318 poterat,
2218 263 2366 307 brevi

190 350 447 399 intellexit,
469 346 745 389 divisiones
773 341 947 384 Baculi
975 340 1190 393 angulos
1210 349 1366 381 veros
1391 349 1498 380 non
1524 336 1779 391 praebere,
1803 335 1925 389 quia
1952 336 2166 378 oculum
2192 334 2363 388 spatio

191 422 433 475 quodam,
464 414 701 470 quamvis
728 412 928 465 exiguo,
957 413 1074 464 post
1101 408 1367 451 divisionis
1393 406 1707 461 principium
1736 407 1915 449 locum
1944 408 2123 448 tenere
2149 415 2365 447 necesse

188 493 340 539 esset;
372 500 472 541 qua
492 498 547 528 re
568 486 868 527 commotus
887 481 1120 523 tabulam
1145 478 1389 529 confecit,
1412 489 1532 531 quae
1553 476 1910 520 correctiones
1930 475 2257 518 necessarias
2278 476 2365 518 da-

184 563 275 603 ret.
301 559 415 600 Hoc
442 555 706 610 praecipue
732 555 914 595 notatu
941 551 1153 605 dignum
1180 552 1278 599 est3
1307 550 1527 602 apparet
1553 547 1709 598 enim,
1732 558 1855 589 eum
1875 546 1988 601 jam
2015 546 2102 589 1110
2122 549 2363 600 tempore

185 632 322 672 clare
351 625 688 681 perspexisse,
720 634 902 665 omnes
931 632 1120 664 causas
1150 619 1397 662 vitiorum
1426 619 1478 660 in
1507 618 1854 661 instrumento
1885 616 2218 660 conficiendo
2248 628 2363 659 esse

181 697 543 746 removendaS,
562 695 702 748 quod
721 692 950 735 studium
971 691 1130 734 etiam
1145 690 1197 732 in
1211 692 1408 733 nostrae
1423 689 1594 731 aetatis
1609 691 1721 731 arte
1737 687 2055 731 observandi
2070 687 2362 741 principem

182 771 357 812 locum
382 768 535 809 tenet.
559 765 712 815 Quod
737 775 842 806 non
867 763 970 805 hoc
997 762 1169 804 solum
1196 759 1474 815 perspexit,
1503 760 1596 802 sed
1622 759 1782 802 etiam
1809 761 1986 802 motus
2012 759 2360 812 planetarum,

180 842 460 891 antequam
482 834 804 878 astronomia
824 832 1037 875 ulterius
1058 830 1361 886 promoveri
1381 833 1574 884 posset,
1597 829 1836 873 omnium
1856 829 2087 883 primum
2108 831 2362 883 perpetuo

179 907 563 963 persequendos
584 915 698 948 esse
718 905 858 947 clare
878 902 1142 953 intellexit,
1158 913 1429 944 summum
1444 901 1529 956 jus
1551 900 1777 955 Keplero
1799 900 1940 943 dedit
1960 899 2012 942 in
2025 899 2175 943 titulo
2189 898 2363 942 Tabu-

176 980 345 1021 larum
368 974 833 1029 Rudolphmarum
862 975 980 1017 haec
1002 973 1165 1016 verba
1192 972 1439 1015 addendi:
1467 972 1681 1025 »quibus
1709 971 2083 1014 astronomicae
2109 970 2359 1021 scientiae,

176 1054 473 1102 temporum
510 1045 883 1100 longinquitate
921 1045 1188 1098 collapsae,
1221 1042 1535 1086 restauratIO
1574 1042 1886 1093 continetur,
1921 1054 1952 1084 a
1990 1041 2234 1084 Phoenice
2272 1041 2360 1085 illo

174 1121 612 1161 Astronomorum
631 1116 880 1171 Tychone
907 1115 1135 1170 primum
1163 1114 1341 1157 animo
1369 1116 1627 1168 concepta
1655 1116 1705 1156 et
1732 1112 1990 1156 destinata
2011 1124 2150 1156 anno
2172 1112 2359 1155 Christi

176 1188 485 1231 MDLXIV.«

232 1259 391 1301 Annis
415 1257 750 1311 sequentibus
768 1257 807 1298 T
809 1256 966 1311 ycho,
995 1256 1082 1310 qui
1107 1259 1220 1298 tum
1248 1267 1370 1298 cum
1397 1255 1580 1310 paucis
1605 1254 1859 1309 temporis
1884 1254 2358 1298 intermissionibus

172 1332 223 1372 in
252 1328 671 1373 universitatibus
704 1327 1030 1370 Germanicis
1060 1326 1387 1378 versabatur,
1420 1326 1611 1368 talibus
1643 1326 2000 1369 instrumentis
2032 1325 2357 1379 simplicibus

172 1403 406 1455 planetas
435 1400 719 1443 observare
748 1397 1118 1453 perseveravit,
1145 1409 1315 1451 neque
1345 1400 1631 1450 antequam
1651 1397 1942 1451 Augustam
1963 1396 2357 1440 Vindelicorum

172 1472 459 1526 migrasset,
474 1470 563 1512 ubi
585 1469 808 1523 amplius
829 1480 968 1512 anno
983 1468 1117 1524 (1569
1131 1472 1181 1511 et
1200 1468 1329 1524 1570)
1341 1468 1632 1520 habitabat,
1648 1468 1996 1511 instrumenta
2016 1467 2222 1522 majora
2237 1479 2358 1511 con-

170 1543 307 1585 fecit.
326 1542 588 1584 Memorat
607 1540 734 1594 ipse,
750 1540 1048 1594 complures
1065 1551 1180 1582 sese
1194 1540 1307 1594 jam
1322 1538 1614 1582 confecisse
1629 1540 1964 1592 quadrantes,
1982 1550 2209 1592 quorum
2223 1539 2357 1581 radii

171 1616 342 1656 essent
368 1612 394 1654 3
415 1613 497 1654 vel
516 1611 544 1653 4
565 1611 879 1662 cubitorum,
902 1621 1025 1653 cum
1051 1610 1316 1654 PAULUS
1344 1609 1769 1662 HAINZELIUS,
1798 1622 1826 1653 e
1852 1609 2175 1664 principibus
2201 1609 2356 1664 hujus

171 1683 313 1726 urbis
334 1683 472 1734 viris,
494 1682 607 1736 ipso
628 1681 887 1732 hortante,
909 1693 1100 1723 munus
1126 1680 1415 1734 susciperet
1440 1680 1659 1735 ingentis
1687 1680 1995 1735 quadrantis
2022 1680 2353 1732 conficiendi,

171 1754 316 1808 cujus
346 1765 468 1796 cum
496 1752 674 1794 radius
698 1752 751 1793 14
771 1752 1069 1795 cubitorum
1090 1751 1163 1808 (=
1184 1753 1247 1796 5.5
1267 1752 1579 1808 metrorum)
1608 1755 1760 1804 esset,
1791 1751 1918 1794 satis
1948 1763 2171 1806 magnus
2201 1755 2353 1803 esset,

169 1828 224 1867 ut
243 1824 295 1866 in
316 1835 443 1866 arcu
464 1823 711 1876 discripto
732 1823 931 1876 singula
951 1822 1153 1864 minuta
1171 1822 1605 1865 discernerentur.
1624 1822 1741 1866 Hoc
1759 1823 1972 1876 quidem
1988 1822 2353 1874 instrumento,

170 1895 310 1948 quod
330 1898 380 1937 et
399 1894 452 1936 in
466 1892 973 1947 Progymnasmatis
993 1897 1043 1936 et
1062 1893 1114 1935 in
1128 1891 1455 1935 Mecham‘ca
1470 1893 1652 1947 Tycho
1667 1893 1842 1936 verbis
1863 1896 1914 1936 et
1933 1893 2081 1936 lineis
2101 1893 2353 1948 designat,

168 1966 278 2019 ipse
310 1977 415 2008 non
444 1966 666 2007 multum
695 1976 820 2007 usus
849 1967 942 2015 est,
965 1967 1122 2018 atque
1152 1964 1254 2007 hoc
1285 1963 1458 2017 potius
1488 1965 1706 2008 consilio
1733 1965 1786 2007 id
1812 1964 2104 2008 confecisse
2131 1964 2352 2017 videtur,

171 2036 311 2089 quod
343 2035 518 2089 magni
549 2035 879 2077 instrumenti
911 2034 1225 2078 conficiendi
1257 2035 1550 2089 periculum
1582 2035 1759 2078 facere
1792 2036 1961 2078 vellet.
1997 2036 2099 2078 Sed
2137 2036 2353 2091 majoris

169 2106 423 2149 momenti
452 2105 561 2156 fuit,
593 2106 734 2159 quod
762 2106 921 2148 etiam
947 2107 1196 2160 Augustae
1215 2105 1608 2149 Vindelicorum
1637 2110 1879 2149 versatus
1908 2109 2203 2150 sextantem
2234 2119 2355 2150 con—

168 2176 369 2227 struxit,
392 2177 538 2231 cujus
560 2188 659 2230 ope
679 2176 731 2218 in
752 2177 984 2230 quolibet
1003 2178 1160 2231 plano
1183 2178 1400 2231 angulos
1421 2177 1646 2220 dimetir1
1666 2180 1864 2231 posset;
1889 2178 2030 2220 clare
2051 2178 2192 2221 enim
2211 2178 2354 2221 intel-

168 2248 381 2298 lexerat,
404 2247 621 2289 Radium
649 2248 1066 2291 astronomicum
1093 2248 1218 2290 satis
1244 2248 1426 2302 perfici
1452 2260 1559 2292 non
1585 2260 1756 2303 posse,
1779 2251 1936 2302 atque
1956 2248 2059 2291 hoc
2081 2261 2202 2292 eam
2222 2261 2354 2303 prae—

171 2317 321 2371 cipue
351 2317 417 2359 ob
448 2329 682 2369 causam,
715 2319 857 2372 quod
886 2318 1251 2361 difficillimum
1281 2322 1417 2362 esset
1447 2319 1666 2362 brachia
1695 2320 1806 2374 ejus
1834 2319 1906 2361 ita
1937 2320 2268 2374 conjungere,
2297 2324 2354 2363 ut

169 2391 372 2431 rectum
388 2389 634 2442 angulum
651 2392 951 2432 constanter
965 2389 1250 2432 efficerent.
1262 2389 1445 2443 Neque
1460 2394 1539 2432 est
1552 2390 2353 2444 praetermittendumAEAMUM,

169 2470 291 2501 cum
312 2470 404 2512 per
423 2459 709 2513 Augustam
729 2460 1122 2503 Vindelicorum
1142 2460 1240 2503 iter
1257 2460 1472 2512 faceret,
1496 2472 1619 2503 cum
1638 2461 1889 2515 Tychone
1909 2473 2212 2504 sermonem
2233 2473 2355 2505 con-

167 2529 343 2571 tulisse
364 2532 521 2583 atque
541 2529 588 2572 ei
608 2532 926 2583 persuadere
947 2534 1198 2574 conatum
1219 2542 1350 2583 esse,
1366 2543 1563 2574 novam
1579 2532 1978 2584 astronomiam,
1996 2545 2157 2586 quam
2173 2533 2352 2576 animo

167 2600 276 2653 ipse
306 2600 554 2651 finxisset,
585 2600 695 2644 sine
723 2601 1105 2655 hypothesibus
1133 2602 1555 2646 constituendam
1585 2614 1715 2646 esse.
1747 2603 1799 2645 Si
1826 2603 1888 2646 iis
1917 2603 2186 2646 confidere
2214 2603 2350 2655 licet,

169 2682 287 2723 quae
313 2671 365 2712 in
391 2671 610 2724 epistula
635 2683 817 2715 mense
837 2672 865 2723 J
870 2673 1088 2716 anuario
1115 2673 1237 2715 anni
1267 2673 1378 2715 1587
1405 2673 1473 2715 ad
1503 2673 1996 2716 ROTHMANNUM
2025 2674 2150 2716 data
2169 2674 2351 2728 Tycho

168 2742 230 2783 de
257 2741 360 2784 hoc
387 2753 630 2784 sermone
656 2742 830 2793 refert,
852 2755 1041 2797 parum
1069 2744 1382 2787 intellexisse
1408 2744 1494 2787 hic
1515 2745 1737 2795 videtur,
1759 2744 1862 2788 hoc
1889 2744 2158 2799 praecipue
2185 2746 2350 2788 Ramo

167 2812 493 2865 propositum
515 2812 688 2864 fuisse,
704 2813 829 2855 illud
850 2814 1080 2866 axioma,
1097 2815 1239 2868 quod
1260 2815 1499 2858 omnium
1519 2827 1685 2868 usque
1708 2815 1776 2857 ad
1795 2815 1848 2857 id
1868 2818 2077 2869 tempus
2097 2818 2350 2870 systema-

165 2884 277 2923 tum
307 2881 708 2925 fundamentum
739 2883 923 2935 fuerat,
952 2886 1189 2938 planetas
1220 2886 1369 2929 aliter
1398 2898 1559 2940 quam
1590 2886 1773 2929 orbitis
1802 2885 2146 2929 circularibus
2172 2887 2255 2929 vel
2284 2899 2350 2930 ex

166 2951 394 2994 motibus
414 2953 682 2995 variorum
704 2954 1022 2997 circulorum
1043 2956 1324 3010 progenitis
1344 2957 1550 3000 moveri
1569 2968 1676 3000 non
1696 2967 1868 3011 posse,
1890 2968 2014 2999 cum
2034 2957 2221 3000 ceteris
2242 2969 2350 3001 om-

166 3021 316 3063 nibus
349 3023 693 3076 opinionibus,
727 3037 845 3077 quae
879 3027 1196 3080 argumentis
1229 3027 1562 3070 confirmatae
1594 3039 1701 3071 non
1730 3030 1918 3078 essent,
1948 3027 2349 3081 relinquendum

167 3094 322 3144 atque
352 3092 453 3135 hoc
483 3095 653 3136 solum
683 3095 1101 3149 investigandum
1131 3109 1260 3149 esse,
1292 3098 1509 3152 quinam
1538 3102 1715 3142 motus
1744 3110 1868 3141 cum
1897 3098 2027 3141 locis
2056 3098 2349 3142 observatis

167 3162 362 3214 optime
384 3164 700 3207 conveniret.
719 3165 819 3208 Sed
839 3166 998 3210 nihilo
1019 3168 1192 3211 minus
1211 3169 1315 3211 hoc
1336 3180 1582 3212 sermone
1595 3169 1777 3223 Tycho
1798 3169 2057 3212 excitatus
2077 3181 2191 3213 esse
2210 3170 2350 3213 vide-
