2678 4069
247 172 467 225 XXXII
783 159 1449 215 PROLEGOMENA
1476 157 1878 209 EDITORIS

247 313 393 358 esset,
424 304 688 359 quomodo
716 300 1075 354 multiplicatio
1102 309 1461 347 numerorum,
1491 307 1623 349 quos
1648 295 1852 349 praebet
1878 294 2118 337 doctrina
2144 295 2422 349 triangulo-

245 392 375 427 rum,
400 377 690 418 evitaretur.
717 372 846 413 Haec
870 373 1045 411 autem
1067 368 1306 410 doctrina
1326 366 1533 409 saeculis
1553 365 1646 407 XV
1667 369 1718 408 et
1737 365 1853 407 XVI
1875 376 2096 419 magnos
2114 376 2421 419 progressus

244 450 453 495 fecerat,
483 455 577 485 nec
604 444 774 484 solum
802 440 843 482 si
870 441 934 481 de
959 438 1226 492 triangulis
1252 436 1515 479 solvendis
1543 439 1797 490 ageretur,
1826 435 1919 477 sed
1946 435 2106 477 etiam
2131 438 2188 477 ut
2213 435 2422 477 tabulas

243 519 447 559 sinuum
486 513 909 566 tangentiumque
948 511 1221 562 promptas
1259 507 1498 557 haberet,
1535 505 1780 559 operibus
1818 505 2172 548 PURBACHII
2207 505 2423 547 REGIO·

245 584 550 628 MONTANI
582 579 916 623 COPERNICI
948 578 1171 620 aliorum
1193 576 1419 618 TYCHO
1442 576 1532 618 niti
1552 579 1773 630 poterat.
1800 576 1902 618 Sed
1924 578 2045 618 ante
2065 575 2422 618 inventionem

242 654 674 709 logarithmorum
694 651 764 692 ita
786 650 957 692 solum
985 647 1347 701 multiplicatio
1369 647 1553 689 evitari
1573 650 1795 700 poterat,
1817 646 1861 689 si
1880 657 1977 700 pro
1998 646 2100 688 hac
2123 645 2319 687 additio
2339 645 2423 687 vel

242 724 524 768 subtractio
552 721 861 764 substituere
888 719 1092 761 licebat.
1124 717 1290 773 Hujus
1317 717 1548 768 rationis,
1578 729 1697 770 quae
1724 728 1888 770 prave
1914 720 2139 759 vocatur
2162 715 2425 769 »prostha-

241 794 515 849 phaeresis«
533 793 876 848 (quamquam
896 790 998 832 hoc
1020 788 1200 838 verbo,
1218 787 1360 841 quod
1382 799 1412 829 a
1433 787 1687 841 principio
1709 787 1849 830 idem
1870 787 2010 829 valet
2031 787 2173 840 quod
2193 786 2423 840 aequatio

242 865 403 907 centri
432 864 483 905 in
511 862 715 904 theoria
747 861 1094 914 planetarum,
1127 858 1286 901 etiam
1318 861 1443 900 tune
1470 858 1572 900 hac
1605 857 1860 900 sententia
1887 856 2201 913 utebantur),
2223 856 2425 898 initium

242 936 436 977 fecerat
463 933 573 974 IBN
596 932 622 983 J
628 931 784 974 UNIS
806 930 991 980 Arabs,
1015 931 1162 984 cujus
1181 933 1363 971 tamen
1383 939 1545 982 opera
1566 928 1618 969 in
1638 928 1847 981 Europa
1866 927 2043 982 ignota
2063 930 2227 970 erant.
2253 926 2425 969 Nihilo

241 1005 403 1059 magis
430 1007 612 1046 notum
640 1005 766 1052 erat,
791 1000 1103 1043 IOANNEM
1125 999 1512 1041 WERNERUM
1542 998 1798 1041 formulas
1828 998 2143 1052 principales
2168 997 2322 1052 hujus
2349 1009 2428 1039 ra-

239 1075 390 1118 tionis
422 1085 558 1116 anno
585 1073 695 1115 1514
724 1072 1000 1126 reperisse;
1032 1081 1201 1124 neque
1230 1070 1371 1112 enim
1402 1069 1604 1111 libellus
1634 1070 1760 1124 ejus,
1784 1080 1888 1122 quo
1919 1069 1984 1111 de
2013 1068 2115 1110 hac
2143 1079 2200 1110 re
2222 1068 2425 1122 agebat,

238 1145 443 1199 publice
471 1144 691 1186 emissus
717 1145 844 1193 erat,
868 1146 918 1184 et
945 1153 1272 1195 quamquam
1292 1140 1474 1194 Tycho
1503 1151 1625 1182 eum
1646 1139 1770 1181 dicit
1794 1139 1872 1180 »in
1892 1138 2066 1181 libello
2088 1139 2153 1181 de
2174 1141 2323 1181 motu
2344 1150 2429 1182 oc-

239 1220 378 1258 tavae
405 1215 630 1268 sphaerae
658 1214 939 1266 aliqualem
960 1211 1249 1266 praebuisse
1271 1223 1504 1262 ansam«,
1527 1221 1685 1253 nemo
1705 1213 1887 1252 tamen
1907 1209 2042 1252 scire
2061 1213 2284 1263 poterat,
2308 1221 2428 1263 quae

239 1298 447 1329 summa
475 1288 610 1327 esset
636 1283 850 1326 rationis
872 1282 1125 1325 Werneri.
1150 1282 1332 1335 Itaque
1359 1281 1454 1331 his,
1478 1281 1573 1323 etsi
1592 1284 1832 1334 tempore
1853 1280 2243 1334 praecedebant,
2266 1280 2430 1334 impu-

239 1357 337 1399 tari
364 1367 701 1409 nequaquam
726 1357 913 1408 potest,
936 1354 1078 1407 quod
1106 1364 1244 1395 anno
1277 1351 1389 1394 1580
1416 1352 1533 1394 haec
1561 1351 1695 1394 ratio
1725 1351 1928 1393 Hvenae
1955 1351 2168 1393 inventa
2195 1354 2286 1394 est.
2311 1350 2428 1394 Hoc

240 1424 871 1475 LONGOMONTANUS,
895 1424 982 1478 qui
1009 1435 1147 1466 anno
1179 1422 1290 1465 1589
1319 1422 1565 1465 Hvenam
1592 1422 1733 1464 venit
1760 1425 1810 1464 et
1835 1425 1955 1476 post
1982 1422 2195 1475 aliquod
2221 1425 2430 1475 ternpus

239 1498 436 1552 primus
456 1496 718 1550 Tychonis
747 1496 955 1550 adjutor
981 1494 1151 1537 factus
1179 1497 1273 1545 est,
1295 1494 1347 1535 in
1372 1491 1723 1535 Astronomia
1750 1491 1961 1535 Danica
1988 1504 2085 1535 sua
2112 1495 2348 1543 testatur,
2380 1496 2431 1535 et

238 1570 346 1622 ipse
366 1568 404 1609 T
406 1567 592 1609 YCHO
614 1567 666 1608 in
686 1566 906 1620 epistula
928 1566 1160 1619 quadam
1182 1576 1363 1607 mense
1392 1563 1681 1607 Novembri
1702 1563 1824 1605 anni
1848 1563 1960 1605 1580
1981 1564 2048 1606 ad
2071 1563 2428 1605 HAGECIUM

239 1639 432 1692 scripta
463 1638 784 1680 mentionem
814 1638 923 1692 ejus
953 1636 1091 1687 fecit,
1123 1639 1174 1677 et
1201 1635 1254 1677 in
1283 1635 1504 1688 epistula
1534 1646 1715 1677 mense
1748 1634 2037 1677 Novembri
2066 1634 2188 1676 anni
2222 1633 2332 1676 1599
2363 1634 2430 1675 ad

241 1708 673 1751 HERWARTUM
713 1708 907 1761 scripta
944 1706 1023 1748 his
1055 1706 1229 1748 verbis
1261 1706 1444 1747 utitur:
1484 1707 1692 1748 »Postea
1725 1705 2125 1759 superveniente
2157 1715 2348 1758 meque
2380 1704 2432 1746 in

241 1780 409 1822 Dania
425 1779 739 1833 Uraniburgi
754 1789 891 1821 anno
908 1777 964 1819 80
986 1789 1080 1831 per
1099 1776 1127 1818 4
1146 1788 1355 1819 menses
1375 1776 1627 1819 invisente
1648 1776 1872 1818 PAULO
1888 1775 2252 1817 WITTICHIO
2274 1775 2431 1817 bonae

241 1851 531 1901 memoriae‚
566 1848 839 1892 excellenti
873 1847 1252 1890 mathematico
1279 1847 1689 1898 Vratislaviensi‚
1725 1847 1813 1900 qui
1843 1847 2035 1889 talibus
2068 1846 2228 1888 etiam
2261 1845 2312 1901 (a
2345 1856 2431 1887 me

241 1922 573 1975 Witebergae,
597 1921 723 1963 dum
744 1919 856 1961 istic
879 1918 1005 1961 olim
1026 1918 1357 1969 transieram,
1376 1917 1695 1973 admonitus)
1715 1917 1915 1960 interea
1935 1918 2290 1967 insudaverat,
2308 1928 2430 1959 cum

240 1993 326 2034 illo
349 1991 742 2035 communicata
764 2001 941 2043 opera,
959 2001 1022 2031 ea
1036 1989 1149 2043 ipsa
1170 1989 1517 2031 luculentiora
1538 1988 1739 2030 reddidi
1759 1991 1812 2031 et
1831 2000 2042 2042 semper
2062 1988 2249 2030 exinde
2268 1988 2320 2029 in
2333 1999 2431 2030 usu

241 2062 416 2114 habui,
435 2073 537 2116 quo
560 2061 802 2103 studiosis
823 2059 954 2102 meis
975 2059 1372 2102 observationes
1387 2063 1594 2102 nostras
1609 2059 1660 2100 in
1676 2070 1926 2102 numeros
1941 2059 2292 2113 redigentibus
2305 2062 2433 2101 tem-

242 2133 382 2187 poris
403 2136 454 2174 et
474 2131 668 2175 laboris
689 2130 1019 2184 dispendium
1041 2130 1407 2173 minueretur.«

301 2203 561 2245 Formulae
583 2205 761 2244 autem
783 2214 814 2243 a
835 2201 1103 2243 Wittichio
1125 2201 1352 2243 inventae
1374 2201 1459 2243 hae
1482 2204 1651 2243 erant:

735 2284 827 2315 cos
847 2273 891 2313 A
913 2283 1005 2314 cos
1026 2271 1294 2327 Bzfflcos
1314 2271 1376 2327 (A
1392 2297 1447 2302 —-
1464 2272 1519 2327 B)
1540 2272 1583 2316 ab
1605 2283 1698 2314 cos
1717 2271 1779 2327 (A
1795 2272 1837 2315 ΔΓ
1853 2271 1925 2328 Β)]

735 2343 814 2385 sin
847 2343 891 2383 A
912 2343 991 2384 sin
1027 2342 1064 2383 B
1079 2362 1132 2376 --
1148 2343 1170 2387 ὲ
1185 2341 1295 2397 [cos
1315 2342 1377 2398 (A
1392 2368 1447 2372 —
1464 2342 1519 2398 B)
1533 2368 1588 2372 -—
1604 2353 1696 2385 cos
1717 2342 1779 2398 (A
1793 2342 1837 2386 ÷
1854 2342 1940 2398 B)].

243 2416 456 2456 Exstant
490 2414 574 2456 hae
605 2414 656 2455 in
692 2413 952 2455 breviario
988 2413 1098 2464 illo,
1137 2412 1221 2455 cui
1256 2424 1452 2455 nomen
1487 2416 1565 2455 est
1595 2411 2032 2466 »Tr1‘angulorum
2065 2413 2351 2466 planorum
2381 2413 2437 2454 et

243 2483 631 2538 sphaericorum
661 2482 854 2537 praxis
883 2481 1270 2534 arithmeti0a«‚
1294 2484 1437 2536 quod
1467 2495 1530 2526 eo
1562 2483 1780 2526 consilio
1801 2483 1983 2537 Tycho
2014 2483 2313 2537 composuit
2331 2484 2432 2539 (vel

243 2555 670 2609 componendum
697 2554 934 2610 curavit),
957 2557 1013 2596 ut
1041 2553 1366 2608 adjutoribus
1393 2554 1499 2596 suis
1519 2554 1572 2596 in
1592 2554 1721 2597 locis
1747 2555 2081 2608 planetarum
2103 2566 2168 2597 ex
2189 2554 2435 2597 observa-

242 2626 467 2668 tionibus
493 2625 835 2679 supputandis
860 2625 983 2667 utile
1012 2628 1162 2666 esset.
1186 2623 1340 2675 Quod
1366 2625 1539 2667 solum
1567 2628 1738 2667 exstat
1764 2626 2066 2679 exemplum
2086 2625 2239 2680 hujus
2260 2625 2432 2675 libelli,

244 2708 381 2738 anno
408 2696 512 2738 1591
547 2696 807 2750 signatum
837 2699 929 2746 est,
953 2707 1122 2748 neque
1150 2698 1331 2737 tamen
1362 2695 1588 2737 dubitari
1608 2698 1795 2750 potest,
1819 2696 1943 2749 quin
1963 2697 2129 2738 multo
2152 2699 2272 2737 ante
2293 2706 2435 2738 corn-

243 2767 440 2821 positus
460 2767 538 2817 sit,
557 2778 679 2809 cum
700 2767 752 2808 in
772 2766 1221 2809 commentatione
1243 2766 1477 2818 quadam
1498 2766 1563 2808 de
1585 2766 1769 2817 Marte,
1787 2778 1907 2819 quae
1930 2778 2068 2809 anno
2095 2765 2205 2808 1585
2220 2767 2303 2808 vel
2323 2765 2435 2808 1586

243 2837 436 2891 scripta
458 2840 549 2889 est,
573 2837 768 2879 mentio
791 2837 901 2891 ejus
921 2836 1028 2878 fiat.
1052 2837 1126 2877 Ex
1152 2835 1255 2878 hoc
1279 2839 1457 2878 autem
1479 2836 1740 2879 breviario
1762 2837 2023 2880 rationem
2044 2836 2188 2878 illam
2209 2840 2328 2890 post
2349 2849 2435 2878 an-

244 2920 370 2949 num
396 2907 506 2949 1580
528 2907 730 2949 Hvenae
751 2907 965 2949 ulterius
996 2918 1331 2960 progressam
1352 2918 1459 2949 non
1479 2918 1592 2950 esse
1615 2910 1848 2961 apparet.
1873 2907 2116 2950 Ceterum
2137 2906 2434 2949 Wittichius

247 2978 442 3030 aliquot
473 2977 635 3028 annis,
670 2981 951 3031 postquam
985 2976 1229 3019 Hvenam
1261 2977 1478 3029 adierat,
1512 2978 1868 3021 inventionem
1898 2989 2050 3019 suam
2081 2989 2204 3020 cum
2230 2976 2433 3028 JUSTO

247 3047 550 3098 BUERGIO,
573 3047 951 3090 mathematico
979 3048 1255 3100 praeclaro,
1281 3048 1597 3101 Landgravii
1618 3049 1871 3103 adjutore,
1895 3047 2324 3098 communicavit,
2348 3047 2435 3100 qui

247 3118 389 3159 illam
410 3118 670 3159 rationem
694 3117 1019 3170 aliquantum
1041 3117 1283 3160 excoluit.
1302 3117 1469 3172 Hujus
1491 3119 1714 3172 denique
1734 3119 1955 3160 inventis
1977 3118 2068 3160 niti
2086 3118 2329 3160 videntur
2348 3118 2435 3159 illa

246 3191 529 3240 praecepta,
554 3199 672 3240 quae
696 3200 740 3228 a,
769 3187 880 3228 1599
902 3200 932 3228 a
955 3187 1342 3229 MELCHIORE
1361 3188 1696 3238 JOESTELIO
1717 3189 1898 3242 Tycho
1922 3189 2140 3242 accepit.
