<?xml version="1.0" encoding="UTF-8"?>
<!DOCTYPE html PUBLIC "-//W3C//DTD XHTML 1.0 Transitional//EN"
    "http://www.w3.org/TR/xhtml1/DTD/xhtml1-transitional.dtd">
<html xmlns="http://www.w3.org/1999/xhtml" xml:lang="en" lang="en">
 <head>
  <title>
</title>
<meta http-equiv="Content-Type" content="text/html;charset=utf-8" />
  <meta name='ocr-system' content='tesseract 3.04.00' />
  <meta name='ocr-capabilities' content='ocr_page ocr_carea ocr_par ocr_line ocrx_word'/>
</head>
<body>
  <div class='ocr_page' id='page_1' title='image "./operaomniaedidit01brahuoft/operaomniaedidit01brahuoft_0146.png"; bbox 0 0 2678 4069; ppageno 0'>
   <div class='ocr_carea' id='block_1_1' title="bbox 209 80 275 129">
    <p class='ocr_par' dir='ltr' id='par_1_1' title="bbox 209 80 275 129">
     <span class='ocr_line' id='line_1_1' title="bbox 209 80 275 129; baseline -0.015 0"><span class='ocrx_word' id='word_1_1' title='bbox 209 80 275 129; x_wconf 87' lang='lat'><em>70</em></span> 
     </span>
    </p>
   </div>
   <div class='ocr_carea' id='block_1_2' title="bbox 934 68 1655 120">
    <p class='ocr_par' dir='ltr' id='par_1_2' title="bbox 934 68 1655 120">
     <span class='ocr_line' id='line_1_2' title="bbox 934 68 1655 120; baseline 0 -1"><span class='ocrx_word' id='word_1_2' title='bbox 934 70 1044 119; x_wconf 89' lang='lat' dir='ltr'><em>DE</em></span> <span class='ocrx_word' id='word_1_3' title='bbox 1073 69 1311 120; x_wconf 84' lang='lat' dir='ltr'>NOVA</span> <span class='ocrx_word' id='word_1_4' title='bbox 1338 68 1655 120; x_wconf 86' lang='lat' dir='ltr'>STELLA</span> 
     </span>
    </p>
   </div>
   <div class='ocr_carea' id='block_1_3' title="bbox 409 206 2114 1900">
    <p class='ocr_par' dir='ltr' id='par_1_3' title="bbox 414 206 1973 345">
     <span class='ocr_line' id='line_1_3' title="bbox 414 206 1973 275; baseline -0.002 -12"><span class='ocrx_word' id='word_1_5' title='bbox 414 211 737 275; x_wconf 84' lang='lat' dir='ltr'><em>Dissimiles</em></span> <span class='ocrx_word' id='word_1_6' title='bbox 757 209 1077 261; x_wconf 79' lang='lat' dir='ltr'><em>hominum</em></span> <span class='ocrx_word' id='word_1_7' title='bbox 1100 223 1302 269; x_wconf 89' lang='lat' dir='ltr'><em>curas,</em></span> <span class='ocrx_word' id='word_1_8' title='bbox 1319 206 1661 274; x_wconf 82' lang='lat' dir='ltr'><em>similesque</em></span> <span class='ocrx_word' id='word_1_9' title='bbox 1680 209 1973 270; x_wconf 82' lang='lat' dir='ltr'><strong>Deorum,</strong></span> 
     </span>
     <span class='ocr_line' id='line_1_4' title="bbox 552 278 1885 345; baseline -0.001 -13"><span class='ocrx_word' id='word_1_10' title='bbox 552 278 756 345; x_wconf 73' lang='lat' dir='ltr'><em>Etsua</em></span> <span class='ocrx_word' id='word_1_11' title='bbox 779 294 897 344; x_wconf 81' lang='lat' dir='ltr'><em>quo</em></span> <span class='ocrx_word' id='word_1_12' title='bbox 918 278 1105 331; x_wconf 78' lang='lat' dir='ltr'><em>terris</em></span> <span class='ocrx_word' id='word_1_13' title='bbox 1124 280 1312 331; x_wconf 84' lang='lat' dir='ltr'><em>Mens</em></span> <span class='ocrx_word' id='word_1_14' title='bbox 1332 280 1662 340; x_wconf 78' lang='lat' dir='ltr'><em>releuetur,</em></span> <span class='ocrx_word' id='word_1_15' title='bbox 1684 278 1885 331; x_wconf 77' lang='lat' dir='ltr'><em>habet.</em></span> 
     </span>
    </p>

    <p class='ocr_par' dir='ltr' id='par_1_4' title="bbox 413 347 2067 486">
     <span class='ocr_line' id='line_1_5' title="bbox 413 347 2067 416; baseline -0.001 -13"><span class='ocrx_word' id='word_1_16' title='bbox 413 349 885 414; x_wconf 80' lang='lat' dir='ltr'><em>Promissumque</em></span> <span class='ocrx_word' id='word_1_17' title='bbox 898 347 1097 413; x_wconf 78' lang='lat' dir='ltr'><em>studet</em></span> <span class='ocrx_word' id='word_1_18' title='bbox 1106 348 1288 414; x_wconf 92' lang='lat' dir='ltr'><em>prius</em></span> <span class='ocrx_word' id='word_1_19' title='bbox 1307 350 1410 401; x_wconf 78' lang='lat' dir='ltr'><em>hic</em></span> <span class='ocrx_word' id='word_1_20' title='bbox 1431 347 1807 416; x_wconf 78' lang='lat' dir='ltr'><em>cognoscere</em></span> <span class='ocrx_word' id='word_1_21' title='bbox 1827 351 2067 411; x_wconf 88' lang='lat' dir='ltr'><em>coelum,</em></span> 
     </span>
     <span class='ocr_line' id='line_1_6' title="bbox 553 417 1870 486; baseline 0 -14"><span class='ocrx_word' id='word_1_22' title='bbox 553 422 685 472; x_wconf 86' lang='lat' dir='ltr'><em>Neo</em></span> <span class='ocrx_word' id='word_1_23' title='bbox 703 435 907 472; x_wconf 85' lang='lat' dir='ltr'><em>nouus</em></span> <span class='ocrx_word' id='word_1_24' title='bbox 926 419 1178 486; x_wconf 76' lang='lat' dir='ltr'><em>ignotas</em></span> <span class='ocrx_word' id='word_1_25' title='bbox 1198 417 1424 485; x_wconf 79' lang='lat' dir='ltr'><em>hospes</em></span> <span class='ocrx_word' id='word_1_26' title='bbox 1445 419 1616 471; x_wconf 82' lang='lat' dir='ltr'><em>adire</em></span> <span class='ocrx_word' id='word_1_27' title='bbox 1639 421 1870 472; x_wconf 80' lang='lat' dir='ltr'><em>domos.</em></span> 
     </span>
    </p>

    <p class='ocr_par' dir='ltr' id='par_1_5' title="bbox 415 487 1899 627">
     <span class='ocr_line' id='line_1_7' title="bbox 415 487 1856 557; baseline -0.001 -14"><span class='ocrx_word' id='word_1_28' title='bbox 415 492 562 544; x_wconf 86' lang='lat' dir='ltr'><em>Siue</em></span> <span class='ocrx_word' id='word_1_29' title='bbox 584 493 734 557; x_wconf 76' lang='lat' dir='ltr'><em>agat</em></span> <span class='ocrx_word' id='word_1_30' title='bbox 751 489 814 541; x_wconf 81' lang='lat' dir='ltr'><em>in</em></span> <span class='ocrx_word' id='word_1_31' title='bbox 839 489 1038 551; x_wconf 74' lang='lat' dir='ltr'><em>terris,</em></span> <span class='ocrx_word' id='word_1_32' title='bbox 1061 489 1234 542; x_wconf 91' lang='lat' dir='ltr'><em>illum</em></span> <span class='ocrx_word' id='word_1_33' title='bbox 1258 487 1518 542; x_wconf 64' lang='lat' dir='ltr'><em>deleoiat</em></span> <span class='ocrx_word' id='word_1_34' title='bbox 1539 489 1856 557; x_wconf 80' lang='lat' dir='ltr'><em>OlympuS,</em></span> 
     </span>
     <span class='ocr_line' id='line_1_8' title="bbox 551 559 1899 627; baseline 0 -15"><span class='ocrx_word' id='word_1_35' title='bbox 551 563 715 613; x_wconf 85' lang='lat' dir='ltr'><em>Dum</em></span> <span class='ocrx_word' id='word_1_36' title='bbox 738 560 885 612; x_wconf 79' lang='lat' dir='ltr'><em>vitae</em></span> <span class='ocrx_word' id='word_1_37' title='bbox 904 560 969 611; x_wconf 83' lang='lat' dir='ltr'><em>in</em></span> <span class='ocrx_word' id='word_1_38' title='bbox 990 560 1206 627; x_wconf 79' lang='lat' dir='ltr'><em>fragili</em></span> <span class='ocrx_word' id='word_1_39' title='bbox 1224 575 1483 626; x_wconf 87' lang='lat' dir='ltr'><em>corpore</em></span> <span class='ocrx_word' id='word_1_40' title='bbox 1499 559 1699 627; x_wconf 73' lang='lat' dir='ltr'><em>gestat</em></span> <span class='ocrx_word' id='word_1_41' title='bbox 1717 576 1899 613; x_wconf 85' lang='lat' dir='ltr'><em>onus:</em></span> 
     </span>
    </p>

    <p class='ocr_par' dir='ltr' id='par_1_6' title="bbox 413 628 1845 769">
     <span class='ocr_line' id='line_1_9' title="bbox 413 628 1845 698; baseline 0 -15"><span class='ocrx_word' id='word_1_42' title='bbox 413 633 561 684; x_wconf 85' lang='lat' dir='ltr'><em>Siue</em></span> <span class='ocrx_word' id='word_1_43' title='bbox 583 634 734 698; x_wconf 78' lang='lat' dir='ltr'><em>agat</em></span> <span class='ocrx_word' id='word_1_44' title='bbox 749 630 813 682; x_wconf 85' lang='lat' dir='ltr'><em>in</em></span> <span class='ocrx_word' id='word_1_45' title='bbox 837 630 1029 692; x_wconf 79' lang='lat' dir='ltr'><em>coelis,</em></span> <span class='ocrx_word' id='word_1_46' title='bbox 1051 630 1224 683; x_wconf 92' lang='lat' dir='ltr'><em>illum</em></span> <span class='ocrx_word' id='word_1_47' title='bbox 1248 628 1507 684; x_wconf 68' lang='lat' dir='ltr'><em>cleleo‘iat</em></span> <span class='ocrx_word' id='word_1_48' title='bbox 1529 630 1845 698; x_wconf 80' lang='lat' dir='ltr'><em>OlympuS,</em></span> 
     </span>
     <span class='ocr_line' id='line_1_10' title="bbox 556 701 1698 769; baseline -0.002 -15"><span class='ocrx_word' id='word_1_49' title='bbox 556 702 704 754; x_wconf 88' lang='lat' dir='ltr'><em>Cum</em></span> <span class='ocrx_word' id='word_1_50' title='bbox 728 702 911 753; x_wconf 77' lang='lat' dir='ltr'><em>datur</em></span> <span class='ocrx_word' id='word_1_51' title='bbox 928 704 1166 754; x_wconf 77' lang='lat' dir='ltr'><em>aeterna</em></span> <span class='ocrx_word' id='word_1_52' title='bbox 1188 701 1538 754; x_wconf 76' lang='lat' dir='ltr'><em>conditione</em></span> <span class='ocrx_word' id='word_1_53' title='bbox 1560 701 1698 769; x_wconf 79' lang='lat' dir='ltr'><em>fruj.</em></span> 
     </span>
    </p>

    <p class='ocr_par' dir='ltr' id='par_1_7' title="bbox 410 770 1864 909">
     <span class='ocr_line' id='line_1_11' title="bbox 410 770 1754 839; baseline -0.001 -14"><span class='ocrx_word' id='word_1_54' title='bbox 410 773 589 825; x_wconf 81' lang='lat' dir='ltr'><em>Felix</em></span> <span class='ocrx_word' id='word_1_55' title='bbox 605 772 668 823; x_wconf 81' lang='lat' dir='ltr'><em>in</em></span> <span class='ocrx_word' id='word_1_56' title='bbox 692 771 878 824; x_wconf 79' lang='lat' dir='ltr'><em>terris</em></span> <span class='ocrx_word' id='word_1_57' title='bbox 898 771 1104 839; x_wconf 76' lang='lat' dir='ltr'><em>igitur,</em></span> <span class='ocrx_word' id='word_1_58' title='bbox 1120 770 1313 838; x_wconf 91' lang='lat' dir='ltr'><em>super</em></span> <span class='ocrx_word' id='word_1_59' title='bbox 1329 773 1567 824; x_wconf 78' lang='lat' dir='ltr'><em>aeihera</em></span> <span class='ocrx_word' id='word_1_60' title='bbox 1589 772 1754 834; x_wconf 80' lang='lat' dir='ltr'><em>felix,</em></span> 
     </span>
     <span class='ocr_line' id='line_1_12' title="bbox 551 841 1864 909; baseline 0.001 -15"><span class='ocrx_word' id='word_1_61' title='bbox 551 844 823 895; x_wconf 73' lang='lat' dir='ltr'><em>AEthera</em></span> <span class='ocrx_word' id='word_1_62' title='bbox 847 857 1027 908; x_wconf 80' lang='lat' dir='ltr'><em>quem</em></span> <span class='ocrx_word' id='word_1_63' title='bbox 1049 843 1236 895; x_wconf 77' lang='lat' dir='ltr'><em>terris</em></span> <span class='ocrx_word' id='word_1_64' title='bbox 1250 841 1653 909; x_wconf 83' lang='lat' dir='ltr'><em>praeposuisse,</em></span> <span class='ocrx_word' id='word_1_65' title='bbox 1676 843 1864 895; x_wconf 76' lang='lat' dir='ltr'><em>iuuat.</em></span> 
     </span>
    </p>

    <p class='ocr_par' dir='ltr' id='par_1_8' title="bbox 410 912 1896 1052">
     <span class='ocr_line' id='line_1_13' title="bbox 410 912 1896 979; baseline 0 -14"><span class='ocrx_word' id='word_1_66' title='bbox 410 915 496 965; x_wconf 78' lang='lat' dir='ltr'><em>At</em></span> <span class='ocrx_word' id='word_1_67' title='bbox 516 912 786 979; x_wconf 78' lang='lat' dir='ltr'><em>quisquis</em></span> <span class='ocrx_word' id='word_1_68' title='bbox 800 915 1111 979; x_wconf 82' lang='lat' dir='ltr'><em>pecudum</em></span> <span class='ocrx_word' id='word_1_69' title='bbox 1125 912 1354 978; x_wconf 91' lang='lat' dir='ltr'><em>similis,</em></span> <span class='ocrx_word' id='word_1_70' title='bbox 1379 912 1643 978; x_wconf 78' lang='lat' dir='ltr'><em>coeleftia</em></span> <span class='ocrx_word' id='word_1_71' title='bbox 1666 913 1896 975; x_wconf 76' lang='lat' dir='ltr'><em>temnit,</em></span> 
     </span>
     <span class='ocr_line' id='line_1_14' title="bbox 560 980 1711 1052; baseline 0 -16"><span class='ocrx_word' id='word_1_72' title='bbox 560 984 736 1045; x_wconf 74' lang='lat' dir='ltr'><em>Viuit,</em></span> <span class='ocrx_word' id='word_1_73' title='bbox 761 984 823 1036; x_wconf 65' lang='lat' dir='ltr'><em>&lt;ir</em></span> <span class='ocrx_word' id='word_1_74' title='bbox 838 981 922 1047; x_wconf 75' lang='lat' dir='ltr'><em>eft</em></span> <span class='ocrx_word' id='word_1_75' title='bbox 940 984 1086 1036; x_wconf 75' lang='lat' dir='ltr'><em>Vitae</em></span> <span class='ocrx_word' id='word_1_76' title='bbox 1106 983 1353 1049; x_wconf 85' lang='lat' dir='ltr'><em>nescius</em></span> <span class='ocrx_word' id='word_1_77' title='bbox 1372 983 1499 1050; x_wconf 92' lang='lat' dir='ltr'><em>ipse</em></span> <span class='ocrx_word' id='word_1_78' title='bbox 1513 983 1671 1049; x_wconf 84' lang='lat' dir='ltr'><em>suae:</em></span> <span class='ocrx_word' id='word_1_79' title='bbox 1692 980 1711 1052; x_wconf 91' lang='grc' dir='ltr'><em>ΙΙ</em></span> 
     </span>
    </p>

    <p class='ocr_par' dir='ltr' id='par_1_9' title="bbox 419 1053 1977 1192">
     <span class='ocr_line' id='line_1_15' title="bbox 419 1053 1977 1121; baseline 0 -14"><span class='ocrx_word' id='word_1_80' title='bbox 419 1057 675 1107; x_wconf 72' lang='lat' dir='ltr'><em>Tantum</em></span> <span class='ocrx_word' id='word_1_81' title='bbox 697 1054 926 1107; x_wconf 76' lang='lat' dir='ltr'><em>etenim</em></span> <span class='ocrx_word' id='word_1_82' title='bbox 949 1058 1200 1107; x_wconf 74' lang='lat' dir='ltr'><em>terrena</em></span> <span class='ocrx_word' id='word_1_83' title='bbox 1213 1053 1390 1121; x_wconf 75' lang='lat' dir='ltr'><em>sapit,</em></span> <span class='ocrx_word' id='word_1_84' title='bbox 1413 1055 1701 1107; x_wconf 77' lang='lat' dir='ltr'><em>mortalia</em></span> <span class='ocrx_word' id='word_1_85' title='bbox 1723 1058 1977 1117; x_wconf 78' lang='lat' dir='ltr'><em>tantum,</em></span> 
     </span>
     <span class='ocr_line' id='line_1_16' title="bbox 550 1123 1882 1192; baseline 0 -15"><span class='ocrx_word' id='word_1_86' title='bbox 550 1127 642 1187; x_wconf 76' lang='lat' dir='ltr'><em>Et,</em></span> <span class='ocrx_word' id='word_1_87' title='bbox 669 1140 807 1191; x_wconf 79' lang='lat' dir='ltr'><em>quae</em></span> <span class='ocrx_word' id='word_1_88' title='bbox 828 1140 1001 1177; x_wconf 87' lang='lat' dir='ltr'><em>coeca</em></span> <span class='ocrx_word' id='word_1_89' title='bbox 1015 1123 1211 1191; x_wconf 74' lang='lat' dir='ltr'><em>potest</em></span> <span class='ocrx_word' id='word_1_90' title='bbox 1236 1127 1284 1177; x_wconf 89' lang='lat' dir='ltr'><em>T</em></span> <span class='ocrx_word' id='word_1_91' title='bbox 1280 1128 1422 1192; x_wconf 89' lang='lat' dir='ltr'><em>alpa</em></span> <span class='ocrx_word' id='word_1_92' title='bbox 1445 1125 1672 1187; x_wconf 81' lang='lat' dir='ltr'><em>Videre,</em></span> <span class='ocrx_word' id='word_1_93' title='bbox 1699 1126 1882 1178; x_wconf 78' lang='lat' dir='ltr'><em>Videt.</em></span> 
     </span>
    </p>

    <p class='ocr_par' dir='ltr' id='par_1_10' title="bbox 412 1196 2114 1335">
     <span class='ocr_line' id='line_1_17' title="bbox 412 1196 2114 1263; baseline 0 -14"><span class='ocrx_word' id='word_1_94' title='bbox 412 1197 540 1249; x_wconf 83' lang='lat' dir='ltr'><em>Sed</em></span> <span class='ocrx_word' id='word_1_95' title='bbox 549 1196 752 1262; x_wconf 83' lang='lat' dir='ltr'><em>pauci,</em></span> <span class='ocrx_word' id='word_1_96' title='bbox 775 1197 897 1248; x_wconf 79' lang='lat' dir='ltr'><em>heu</em></span> <span class='ocrx_word' id='word_1_97' title='bbox 918 1196 1177 1248; x_wconf 85' lang='lat' dir='ltr'><em>nimium</em></span> <span class='ocrx_word' id='word_1_98' title='bbox 1192 1196 1396 1262; x_wconf 86' lang='lat' dir='ltr'><em>pauci,</em></span> <span class='ocrx_word' id='word_1_99' title='bbox 1423 1196 1644 1263; x_wconf 81' lang='lat' dir='ltr'><em>quibus</em></span> <span class='ocrx_word' id='word_1_100' title='bbox 1665 1198 1869 1249; x_wconf 94' lang='lat' dir='ltr'><em>almus</em></span> <span class='ocrx_word' id='word_1_101' title='bbox 1889 1198 2114 1263; x_wconf 82' lang='lat' dir='ltr'><em>Apollo</em></span> 
     </span>
     <span class='ocr_line' id='line_1_18' title="bbox 551 1266 2059 1335; baseline 0.002 -17"><span class='ocrx_word' id='word_1_102' title='bbox 551 1269 687 1319; x_wconf 88' lang='lat' dir='ltr'><em>Hoc</em></span> <span class='ocrx_word' id='word_1_103' title='bbox 708 1267 884 1328; x_wconf 74' lang='lat' dir='ltr'><em>dedit,</em></span> <span class='ocrx_word' id='word_1_104' title='bbox 910 1270 978 1319; x_wconf 75' lang='lat' dir='ltr'><em>vt</em></span> <span class='ocrx_word' id='word_1_105' title='bbox 999 1267 1253 1319; x_wconf 77' lang='lat' dir='ltr'><em>Videant</em></span> <span class='ocrx_word' id='word_1_106' title='bbox 1268 1267 1334 1318; x_wconf 81' lang='lat' dir='ltr'><em>id</em></span> <span class='ocrx_word' id='word_1_107' title='bbox 1353 1268 1516 1333; x_wconf 79' lang='lat' dir='ltr'><em>quod</em></span> <span class='ocrx_word' id='word_1_108' title='bbox 1536 1266 1838 1335; x_wconf 83' lang='lat' dir='ltr'><em>Olympus</em></span> <span class='ocrx_word' id='word_1_109' title='bbox 1858 1268 2059 1321; x_wconf 76' lang='lat' dir='ltr'><em>habet.</em></span> 
     </span>
    </p>

    <p class='ocr_par' dir='ltr' id='par_1_11' title="bbox 409 1335 1967 1475">
     <span class='ocr_line' id='line_1_19' title="bbox 409 1335 1967 1404; baseline 0.001 -14"><span class='ocrx_word' id='word_1_110' title='bbox 409 1340 692 1404; x_wconf 79' lang='lat' dir='ltr'><em>Namque</em></span> <span class='ocrx_word' id='word_1_111' title='bbox 714 1353 870 1403; x_wconf 92' lang='lat' dir='ltr'><em>opus</em></span> <span class='ocrx_word' id='word_1_112' title='bbox 892 1335 974 1401; x_wconf 78' lang='lat' dir='ltr'><em>eft</em></span> <span class='ocrx_word' id='word_1_113' title='bbox 989 1337 1146 1399; x_wconf 90' lang='lat' dir='ltr'><em>illos,</em></span> <span class='ocrx_word' id='word_1_114' title='bbox 1163 1336 1393 1404; x_wconf 78' lang='lat' dir='ltr'><em>spretis</em></span> <span class='ocrx_word' id='word_1_115' title='bbox 1412 1338 1780 1391; x_wconf 77' lang='lat' dir='ltr'><em>mortalibus</em></span> <span class='ocrx_word' id='word_1_116' title='bbox 1801 1336 1967 1400; x_wconf 69' lang='lat' dir='ltr'><em>aoiiS,</em></span> 
     </span>
     <span class='ocr_line' id='line_1_20' title="bbox 551 1407 1696 1475; baseline 0.001 -15"><span class='ocrx_word' id='word_1_117' title='bbox 551 1409 761 1461; x_wconf 75' lang='lat' dir='ltr'><em>Altius</em></span> <span class='ocrx_word' id='word_1_118' title='bbox 782 1411 863 1460; x_wconf 79' lang='lat' dir='ltr'><em>ad</em></span> <span class='ocrx_word' id='word_1_119' title='bbox 882 1409 1160 1474; x_wconf 88' lang='lat' dir='ltr'><em>Superos</em></span> <span class='ocrx_word' id='word_1_120' title='bbox 1181 1407 1474 1473; x_wconf 81' lang='lat' dir='ltr'><em>exeruisse</em></span> <span class='ocrx_word' id='word_1_121' title='bbox 1497 1413 1696 1475; x_wconf 75' lang='lat' dir='ltr'><em>caput.</em></span> 
     </span>
    </p>

    <p class='ocr_par' dir='ltr' id='par_1_12' title="bbox 410 1478 2054 1689">
     <span class='ocr_line' id='line_1_21' title="bbox 410 1478 2047 1546; baseline 0.001 -15"><span class='ocrx_word' id='word_1_122' title='bbox 410 1481 545 1532; x_wconf 93' lang='lat' dir='ltr'><em>Hos</em></span> <span class='ocrx_word' id='word_1_123' title='bbox 565 1495 688 1531; x_wconf 82' lang='lat' dir='ltr'><em>non</em></span> <span class='ocrx_word' id='word_1_124' title='bbox 712 1480 935 1531; x_wconf 81' lang='lat' dir='ltr'><em>blanda</em></span> <span class='ocrx_word' id='word_1_125' title='bbox 959 1481 1185 1541; x_wconf 82' lang='lat' dir='ltr'><em>Venus,</em></span> <span class='ocrx_word' id='word_1_126' title='bbox 1202 1478 1401 1544; x_wconf 75' lang='lat' dir='ltr'><em>stolidi</em></span> <span class='ocrx_word' id='word_1_127' title='bbox 1418 1495 1543 1532; x_wconf 85' lang='lat' dir='ltr'><em>non</em></span> <span class='ocrx_word' id='word_1_128' title='bbox 1557 1482 1785 1546; x_wconf 87' lang='lat' dir='ltr'><em>pocula</em></span> <span class='ocrx_word' id='word_1_129' title='bbox 1806 1481 2047 1533; x_wconf 81' lang='lat' dir='ltr'><em>Bacchi</em></span> 
     </span>
     <span class='ocr_line' id='line_1_22' title="bbox 551 1550 1940 1619; baseline 0.001 -17"><span class='ocrx_word' id='word_1_130' title='bbox 551 1550 898 1617; x_wconf 77' lang='lat' dir='ltr'><em>Decipiunt,</em></span> <span class='ocrx_word' id='word_1_131' title='bbox 920 1566 1039 1603; x_wconf 86' lang='lat' dir='ltr'><em>nec</em></span> <span class='ocrx_word' id='word_1_132' title='bbox 1060 1566 1227 1617; x_wconf 90' lang='lat' dir='ltr'><em>opes,</em></span> <span class='ocrx_word' id='word_1_133' title='bbox 1250 1566 1368 1604; x_wconf 83' lang='lat' dir='ltr'><em>neo</em></span> <span class='ocrx_word' id='word_1_134' title='bbox 1388 1550 1694 1619; x_wconf 76' lang='lat' dir='ltr'><em>fugitiuus</em></span> <span class='ocrx_word' id='word_1_135' title='bbox 1713 1553 1940 1604; x_wconf 82' lang='lat' dir='ltr'><em>honos:</em></span> 
     </span>
     <span class='ocr_line' id='line_1_23' title="bbox 414 1620 2054 1689; baseline 0 -15"><span class='ocrx_word' id='word_1_136' title='bbox 414 1622 541 1674; x_wconf 81' lang='lat' dir='ltr'><em>Sed</em></span> <span class='ocrx_word' id='word_1_137' title='bbox 550 1624 863 1687; x_wconf 81' lang='lat' dir='ltr'><em>praeclara</em></span> <span class='ocrx_word' id='word_1_138' title='bbox 882 1621 1106 1688; x_wconf 80' lang='lat' dir='ltr'><em>magis,</em></span> <span class='ocrx_word' id='word_1_139' title='bbox 1127 1622 1336 1689; x_wconf 79' lang='lat' dir='ltr'><em>magis</em></span> <span class='ocrx_word' id='word_1_140' title='bbox 1357 1622 1459 1674; x_wconf 79' lang='lat' dir='ltr'><em>his</em></span> <span class='ocrx_word' id='word_1_141' title='bbox 1478 1622 1747 1674; x_wconf 76' lang='lat' dir='ltr'><em>illustria</em></span> <span class='ocrx_word' id='word_1_142' title='bbox 1761 1620 2054 1689; x_wconf 62' lang='lat' dir='ltr'><em>spediant,</em></span> 
     </span>
    </p>

    <p class='ocr_par' dir='ltr' id='par_1_13' title="bbox 422 1691 1803 1900">
     <span class='ocr_line' id='line_1_24' title="bbox 551 1691 1803 1758; baseline 0.001 -15"><span class='ocrx_word' id='word_1_143' title='bbox 551 1694 621 1743; x_wconf 84' lang='lat' dir='ltr'><em>In</em></span> <span class='ocrx_word' id='word_1_144' title='bbox 646 1692 864 1758; x_wconf 80' lang='lat' dir='ltr'><em>quibus</em></span> <span class='ocrx_word' id='word_1_145' title='bbox 887 1693 949 1744; x_wconf 65' lang='grc' dir='ltr'><em>ἃ</em></span> <span class='ocrx_word' id='word_1_146' title='bbox 956 1691 1203 1758; x_wconf 91' lang='lat' dir='ltr'><em>superis</em></span> <span class='ocrx_word' id='word_1_147' title='bbox 1225 1691 1429 1757; x_wconf 80' lang='lat' dir='ltr'><em>eftsua</em></span> <span class='ocrx_word' id='word_1_148' title='bbox 1452 1709 1602 1745; x_wconf 90' lang='lat' dir='ltr'><em>cura</em></span> <span class='ocrx_word' id='word_1_149' title='bbox 1624 1693 1803 1746; x_wconf 88' lang='lat' dir='ltr'><em>Deis:</em></span> 
     </span>
     <span class='ocr_line' id='line_1_25' title="bbox 422 1761 1738 1830; baseline 0.001 -15"><span class='ocrx_word' id='word_1_150' title='bbox 422 1763 682 1815; x_wconf 85' lang='lat' dir='ltr'><em>Vincere</em></span> <span class='ocrx_word' id='word_1_151' title='bbox 696 1761 955 1830; x_wconf 86' lang='lat' dir='ltr'><em>sublimj,</em></span> <span class='ocrx_word' id='word_1_152' title='bbox 971 1761 1258 1828; x_wconf 89' lang='lat' dir='ltr'><em>sublimia</em></span> <span class='ocrx_word' id='word_1_153' title='bbox 1272 1762 1485 1828; x_wconf 80' lang='lat' dir='ltr'><em>sidera,</em></span> <span class='ocrx_word' id='word_1_154' title='bbox 1508 1765 1738 1825; x_wconf 77' lang='lat' dir='ltr'><em>Mente,</em></span> 
     </span>
     <span class='ocr_line' id='line_1_26' title="bbox 553 1832 1745 1900; baseline 0.003 -16"><span class='ocrx_word' id='word_1_155' title='bbox 553 1835 944 1900; x_wconf 77' lang='lat' dir='ltr'><em>AEz‘lieraque</em></span> <span class='ocrx_word' id='word_1_156' title='bbox 964 1834 1225 1900; x_wconf 81' lang='lat' dir='ltr'><em>Ingenio</em></span> <span class='ocrx_word' id='word_1_157' title='bbox 1239 1832 1603 1900; x_wconf 80' lang='lat' dir='ltr'><em>supposuisse</em></span> <span class='ocrx_word' id='word_1_158' title='bbox 1617 1834 1745 1900; x_wconf 90' lang='lat' dir='ltr'><em>suo.</em></span> 
     </span>
    </p>
   </div>
   <div class='ocr_carea' id='block_1_4' title="bbox 2443 856 2484 890">
    <p class='ocr_par' dir='ltr' id='par_1_14' title="bbox 2443 856 2484 890">
     <span class='ocr_line' id='line_1_27' title="bbox 2443 856 2484 890; baseline 0.024 -1"><span class='ocrx_word' id='word_1_159' title='bbox 2443 856 2484 890; x_wconf 93' lang='lat'><em>10</em></span> 
     </span>
    </p>
   </div>
   <div class='ocr_carea' id='block_1_5' title="bbox 2413 1068 2513 1109">
    <p class='ocr_par' dir='ltr' id='par_1_15' title="bbox 2413 1068 2513 1109">
     <span class='ocr_line' id='line_1_28' title="bbox 2413 1068 2513 1109; baseline 0 0"><span class='ocrx_word' id='word_1_160' title='bbox 2413 1068 2513 1109; x_wconf 72' lang='lat' dir='ltr'><em>L5r</em></span> 
     </span>
    </p>
   </div>
   <div class='ocr_carea' id='block_1_6' title="bbox 2444 1210 2483 1244">
    <p class='ocr_par' dir='ltr' id='par_1_16' title="bbox 2444 1210 2483 1244">
     <span class='ocr_line' id='line_1_29' title="bbox 2444 1210 2483 1244; baseline 0 0"><span class='ocrx_word' id='word_1_161' title='bbox 2444 1210 2483 1244; x_wconf 87' lang='lat'><em>15</em></span> 
     </span>
    </p>
   </div>
   <div class='ocr_carea' id='block_1_7' title="bbox 2438 1565 2483 1598">
    <p class='ocr_par' dir='ltr' id='par_1_17' title="bbox 2438 1565 2483 1598">
     <span class='ocr_line' id='line_1_30' title="bbox 2438 1565 2483 1598; baseline 0 0"><span class='ocrx_word' id='word_1_162' title='bbox 2438 1565 2483 1598; x_wconf 88' lang='grc'><em>20</em></span> 
     </span>
    </p>
   </div>
   <div class='ocr_carea' id='block_1_8' title="bbox 2302 3179 2386 3229">
    <p class='ocr_par' dir='ltr' id='par_1_18' title="bbox 2302 3179 2386 3229">
     <span class='ocr_line' id='line_1_31' title="bbox 2302 3179 2386 3229; baseline 0 0"><span class='ocrx_word' id='word_1_163' title='bbox 2302 3179 2386 3229; x_wconf 92' lang='grc' dir='ltr'><em>ΙΝ</em></span> 
     </span>
    </p>
   </div>
  </div>
 </body>
</html>
