2678 4069
249 207 349 256 XL
790 191 1454 247 PROLEGOMENA
1482 189 1883 241 EDITORIS

248 341 400 394 Atqui
427 350 547 381 cum
574 337 710 377 hanc
737 335 784 375 3‘
807 333 1108 381 aestimaret,
1139 328 1322 370 Martis
1348 327 1642 382 parallaxin
1667 327 1716 369 3¹
1739 328 1890 380 longe
1918 327 2178 369 minorem
2206 338 2319 368 esse
2341 327 2428 368 ob-

247 408 623 453 servationibus
644 404 895 457 reperisse
916 402 1134 443 videtur.
1157 399 1445 441 Permirum
1465 398 1616 451 igitur
1636 401 1728 448 est,
1752 398 1893 450 quod
1912 397 2077 439 tribus
2098 397 2226 439 locis
2245 397 2427 450 Tycho

248 477 567 523 contrarium
597 475 734 516 dicit.
768 473 905 514 Nam
934 472 986 512 in
1016 470 1235 523 epistula
1267 469 1368 510 alia
1399 480 1537 510 anno
1572 468 1681 509 1587
1713 468 1780 510 ad
1808 467 2228 510 GUILELMUM
2261 467 2430 508 Land-

248 549 497 603 gravium,
522 546 621 587 alia
643 555 780 585 anno
807 542 916 583 1588
939 542 1005 582 ad
1026 539 1397 588 PEUCERUM‚
1424 539 1526 580 alia
1548 549 1686 580 anno
1713 537 1823 580 1589
1845 538 1912 580 ad
1934 537 2427 580 ROTHMANNUM

247 620 452 671 scripta,
480 617 593 657 illas
620 612 1013 657 observationes
1033 610 1129 652 sibi
1151 611 1355 652 clarum
1376 609 1561 651 fecisse
1583 609 1721 659 dicit,
1751 609 1979 650 Martem
2006 608 2146 650 exitu
2174 608 2296 650 anni
2319 607 2430 649 1582

247 690 386 731 circa
408 685 788 739 oppositionem
808 683 981 724 Terrae
1003 681 1306 734 propiorem
1328 692 1489 732 quam
1511 679 1686 722 Solem
1708 679 1880 721 fuisse.
1905 679 1963 720 In
1983 679 2204 732 epistula
2224 682 2430 720 tantum

248 760 313 801 ad
334 759 631 804 Peucerum,
665 753 934 806 quomodo
955 751 1057 793 hoc
1079 751 1305 804 aenigma
1326 751 1640 792 solvendum
1664 750 1743 800 sit,
1771 749 1850 792 his
1879 750 2066 791 additis
2087 749 2259 791 verbis
2285 748 2433 802 signi-

246 830 388 870 ficat:
418 826 753 878 »astipulante
773 835 877 864 una
900 825 1047 864 motu
1067 821 1227 874 ipsius
1249 821 1452 870 diurno,
1476 832 1599 862 cum
1616 820 1986 873 Copernicanis
2007 820 2179 873 potius
2200 819 2432 861 numeris

247 896 613 944 consentiente,
643 906 705 936 eo
728 894 868 946 quod
888 893 1046 946 paulo
1069 892 1287 934 celerius
1309 895 1453 933 certo
1476 891 1680 933 dierum
1700 891 1975 933 intervallo
1996 891 2049 932 in
2070 889 2432 932 antecedentia

246 969 532 1022 repedaret,
569 977 728 1018 quam
765 963 1208 1016 Alphonsinorum
1242 963 1557 1004 concederet
1589 974 1619 1003 a
1652 962 1936 1004 Ptolemaeo
1971 962 2198 1003 deducta
2230 960 2434 1002 ratioci—

247 1039 402 1088 natio,
425 1037 579 1089 idque
601 1036 666 1077 ob
691 1035 949 1076 minorem
972 1046 1002 1075 a
1022 1033 1191 1075 Terris
1213 1033 1530 1083 distantiam,
1554 1045 1673 1085 quae
1696 1036 1901 1075 motum
1922 1033 2080 1085 paulo
2101 1031 2433 1073 intentiorem

247 1119 499 1163 apparere
520 1106 825 1148 efficiebat«.
852 1104 1036 1147 Hacne
1056 1105 1170 1146 sola
1192 1104 1256 1145 de
1278 1115 1440 1146 causa
1460 1107 1659 1145 temere
1681 1102 2011 1152 concluserit,
2039 1102 2434 1145 observationes

246 1177 702 1226 demonstravisse,
733 1176 916 1217 Martis
942 1174 1235 1228 parallaxin
1263 1175 1520 1229 majorem
1551 1185 1665 1216 esse
1693 1186 1855 1226 quam
1882 1174 2029 1223 Solis,
2059 1176 2200 1215 certe
2227 1176 2437 1215 conten-

246 1251 367 1292 dere
383 1260 488 1291 non
502 1258 797 1301 possumus.
819 1245 1169 1295 KEPLERUS,
1187 1245 1272 1287 cui
1285 1245 1461 1298 ignota
1477 1248 1589 1286 erat
1604 1245 1824 1298 epistula
1840 1245 1907 1286 ad
1922 1245 2209 1286 Peucerum
2223 1243 2434 1296 scripta,

247 1321 333 1373 qui
364 1330 490 1361 vero
523 1318 631 1371 ipse
665 1329 729 1359 ex
761 1317 856 1358 illis
890 1316 1345 1359 observationibus
1384 1316 1677 1369 parallaxin
1711 1315 1988 1356 minimam
2020 1316 2102 1356 vel
2136 1315 2336 1356 nullam
2368 1314 2438 1355 in-

246 1390 526 1439 veniebat1,
560 1387 656 1430 sibi
685 1387 939 1440 reperisse
969 1387 1260 1437 videbatur,
1295 1387 1521 1440 aenigma
1554 1386 1679 1427 illud
1710 1397 1802 1439 per
1832 1387 2066 1428 calculos
2096 1385 2356 1438 quosdam
2386 1384 2437 1425 in

248 1461 489 1513 exemplo
515 1459 856 1511 transscripto
886 1458 1317 1500 observationum
1345 1457 1466 1499 anni
1498 1456 1607 1498 1583
1635 1456 1872 1510 discipuli
1895 1456 2113 1511 alicujus
2135 1468 2297 1497 manu
2319 1467 2439 1498 con-

248 1532 469 1584 scriptos
491 1529 623 1572 solvi
643 1540 813 1582 posse,
838 1528 1024 1581 quibus
1046 1528 1348 1570 distantiam
1371 1528 1571 1577 Martis,
1596 1540 1757 1580 quam
1777 1527 1921 1569 initio
1942 1527 2076 1569 illius
2098 1526 2220 1568 anni
2235 1539 2265 1568 a
2279 1526 2438 1568 Terra

248 1602 492 1652 habebat,
518 1602 667 1655 juxta
697 1611 946 1641 numeros
975 1599 1195 1641 theoriae
1227 1598 1603 1652 Coperm‘canae
1634 1599 1895 1640 minorem
1927 1610 2088 1651 quam
2118 1598 2251 1640 Solis
2280 1597 2439 1639 fuisse

249 1676 513 1726 repertum
535 1674 660 1713 erat.
685 1670 904 1712 Putabat
926 1670 1195 1723 Keplerus‚
1218 1670 1316 1712 hos
1338 1671 1573 1712 calculos
1593 1681 1686 1722 per
1707 1680 1944 1711 errorem
1965 1668 2136 1711 factos
2158 1679 2289 1718 esse,
2315 1679 2440 1710 cum

248 1743 428 1796 Tycho
451 1741 770 1791 credidisset,
794 1741 1108 1794 discipulum
1129 1741 1289 1794 ipsius
1304 1742 1453 1795 jussu
1470 1740 1791 1793 quaesivisse,
1814 1740 2180 1793 praeberentne
2196 1740 2441 1782 observa-

249 1814 416 1855 tiones
436 1814 598 1854 ullam
619 1811 926 1865 parallaxin,
950 1816 1000 1853 et
1019 1812 1159 1861 illud,
1187 1812 1327 1864 quod
1348 1823 1508 1864 supra
1529 1811 1771 1861 diximus,
1799 1811 2074 1852 invenisse.
2103 1811 2169 1852 At
2189 1810 2260 1851 ita
2280 1821 2364 1852 res
2386 1820 2441 1851 se

251 1884 446 1925 habere
476 1894 580 1925 non
610 1885 800 1935 potest3
837 1894 961 1923 nam
992 1883 1124 1924 inter
1151 1882 1564 1924 commentarios
1590 1882 1853 1935 Tychonis
1888 1894 2050 1923 manu
2080 1882 2319 1934 scriptos,
2355 1880 2442 1933 qui

251 1954 580 1996 Vindobonae
603 1956 955 2002 asservantur,
978 1953 1149 2006 prima
1170 1954 1413 2006 exempla
1434 1953 1627 1994 horum
1643 1953 1971 1994 calculorum
1987 1952 2298 2001 invenimus,
2322 1963 2441 2004 quae

252 2025 412 2078 ipsius
432 2023 694 2076 Tychonis
722 2036 883 2064 manu
911 2024 1105 2077 scripta
1132 2027 1266 2073 sunt,
1296 2035 1428 2076 quos
1449 2024 1500 2065 in
1522 2023 1732 2065 brevius
1754 2026 2073 2073 contractos,
2106 2022 2295 2065 additis
2323 2033 2442 2075 quae

253 2096 371 2136 inde
398 2097 752 2147 sequerentur,
782 2094 1064 2147 discipulus
1090 2094 1455 2147 transscripsit.
1490 2095 1662 2136 Errori
1689 2094 1840 2148 igitur
1866 2096 2014 2136 locus
2041 2105 2147 2136 non
2174 2097 2265 2143 est,
2298 2096 2348 2134 et
2374 2092 2444 2134 illi

255 2165 442 2208 calculi
471 2165 588 2207 ideo
617 2168 823 2206 tantum
854 2165 1079 2206 confecti
1109 2176 1223 2207 esse
1253 2165 1508 2215 videntur,
1540 2169 1597 2207 ut
1627 2168 1879 2207 accurata
1909 2165 2155 2206 distantia
2175 2164 2326 2218 juxta
2353 2164 2444 2205 Co-

254 2236 527 2289 pernicum
553 2236 883 2277 inveniretur.
912 2236 1061 2277 Tales
1092 2236 1280 2278 calculi
1307 2236 1568 2278 distantiae
1597 2236 1780 2277 Martis
1808 2236 1968 2277 etiam
1996 2247 2176 2277 mense
2193 2235 2444 2286 januario

257 2307 377 2348 anni
402 2306 527 2356 1585,
551 2317 673 2348 cum
694 2306 883 2347 iterum
904 2307 955 2348 in
977 2307 1303 2359 oppositione
1325 2310 1451 2355 erat,
1474 2306 1689 2348 instituti
1710 2309 1844 2356 sunt,
1868 2318 1974 2348 non
1994 2307 2167 2348 solum
2183 2307 2333 2360 juxta
2355 2305 2446 2347 Co-

256 2377 451 2430 pernici
470 2376 747 2426 theoriam,
770 2377 862 2418 sed
884 2377 1040 2418 etiarn
1052 2378 1201 2431 juxta
1217 2377 1375 2418 aliam
1393 2378 1662 2430 quandam
1676 2377 2008 2430 hypothesin,
2033 2389 2136 2429 qua
2152 2377 2445 2418 secundum

258 2448 513 2489 circulum
534 2447 888 2489 eccentricum
909 2451 959 2488 et
980 2448 1112 2489 duos
1134 2447 1400 2500 epicyclos
1417 2448 1561 2489 Mars
1581 2448 1722 2490 circa
1737 2448 1953 2489 Terram
1970 2447 2173 2489 moveri
2189 2448 2447 2501 conjecta-

258 2519 424 2560 batur.
458 2519 493 2558 E
520 2518 693 2560 verbis
719 2518 980 2571 Tychonis
1009 2518 1126 2559 haec
1158 2519 1271 2559 sola
1302 2529 1464 2559 causa
1496 2518 1721 2560 efficitur
1746 2518 1880 2559 illius
1907 2518 2259 2560 conclusionis
2287 2518 2351 2559 de
2378 2517 2447 2559 di-

258 2588 447 2630 stantia
476 2588 596 2629 anni
627 2588 752 2638 1582,
782 2589 921 2641 quod
950 2588 1073 2630 dicit
1100 2589 1163 2630 de
1192 2592 1339 2630 motu
1366 2589 1688 2642 retrogrado.
1720 2589 1797 2630 Ita
1818 2589 2066 2630 nimirum
2088 2600 2171 2630 res
2192 2600 2248 2630 se
2269 2588 2444 2638 habet,

258 2662 313 2700 ut
345 2670 596 2712 magnum
628 2659 773 2700 illum
807 2659 1207 2701 observatorem
1239 2660 1401 2700 latere
1434 2670 1538 2700 non
1571 2659 1812 2712 potuerit,
1849 2659 2080 2700 theorias
2113 2660 2447 2711 planetarum

258 2729 601 2770 Ptolemaicas
622 2730 772 2782 longe
792 2730 928 2770 ultra
948 2729 1035 2770 illa
1058 2729 1458 2782 amplificandas
1479 2741 1608 2779 esse,
1633 2741 1751 2782 quae
1773 2741 1801 2771 e
1822 2729 2087 2771 Ptolemaei
2109 2727 2347 2782 Syntaxi
2365 2729 2449 2770 de-

260 2800 380 2841 duci
411 2803 638 2852 possent,
669 2803 951 2852 antequam
983 2811 1106 2841 cum
1136 2800 1591 2841 observationibus
1617 2803 1729 2841 tam
1757 2800 1889 2842 bene
1917 2803 2263 2853 congruerent
2287 2812 2447 2852 quam

259 2870 478 2911 theoriae
500 2870 889 2922 Copernicanae,
914 2870 1154 2922 quamvis
1175 2870 1260 2911 hae
1282 2870 1485 2912 vitiosae
1507 2873 1694 2911 essent.
1724 2871 1789 2911 At
1808 2871 1906 2911 has
1927 2870 2160 2923 recipere
2181 2881 2287 2912 non
2308 2873 2449 2923 pote-

260 2943 356 2989 rat,
392 2940 511 2992 quia
537 2940 752 2981 Terram
786 2941 989 2982 moveri
1021 2941 1313 2982 concedere
1345 2940 1608 2993 nequibat,
1645 2951 1707 2982 ac
1738 2952 1937 2982 novum
1967 2944 2153 2982 contra
2183 2952 2272 2982 eas
2304 2952 2450 2994 argu-

262 3014 498 3051 mentum
519 3010 637 3051 inde
657 3010 911 3063 reperisse
933 3011 1029 3052 sibi
1049 3011 1190 3052 visus
1211 3014 1303 3061 est,
1333 3011 1473 3063 quod
1495 3011 1600 3052 duo
1622 3014 1864 3061 cometae,
1898 3022 2029 3063 quos
2049 3011 2101 3052 in
2122 3011 2449 3064 oppositione

262 3080 393 3121 Solis
422 3080 638 3130 viderat,
671 3091 775 3122 non
804 3084 860 3122 ut
889 3082 1114 3134 planetae
1143 3081 1438 3134 superiores
1468 3081 1974 3134 retrogradationem
2002 3081 2285 3123 habebant.
2318 3082 2449 3135 Ergo

262 3153 541 3202 utrumque
562 3154 796 3203 systema
817 3151 1138 3192 reiciendum
1160 3162 1464 3203 novumque
1485 3151 1890 3204 excogitandum
1912 3163 2026 3193 esse
2048 3152 2378 3193 existimavit.

323 3233 333 3256 1
356 3234 418 3267 De
438 3235 619 3267 motibus
640 3235 775 3268 stellae
796 3235 945 3268 Martis
966 3245 1051 3278 cap.
1075 3235 1127 3268 XI
1152 3234 1240 3278 (Op.
1265 3234 1320 3267 111
1342 3245 1407 3277 pp.
1429 3234 1498 3268 219
1518 3237 1554 3269 et
1574 3235 1670 3275 474).
