2678 4069
111 1011 152 1044 10

111 1366 150 1400 15

89 1565 175 1607 44ν

108 1792 153 1826 20

109 2148 154 2182 25

91 2217 172 2258 45Υ

110 2503 156 2537 30

111 2859 156 2892 35

93 2927 180 2968 45¹⁷

112 3212 158 3246 40

521 221 1101 274 HOROSCOPUS
1128 223 1551 278 PRINCIPIS
1579 226 2073 278 HULDARICI
2290 226 2392 277 235

202 378 315 426 que
342 362 639 413 turbidum
666 362 970 413 confusum
990 367 1302 429 minusque
1323 376 1658 431 promptum
1679 371 1979 432 ingenium
2000 367 2290 418 insinuare
2311 369 2390 417 vi-

202 434 384 492 detur,
407 435 681 496 quamuis
702 432 964 496 plerique
979 434 1416 500 Astrologorum
1432 439 1796 489 Mercurium
1816 442 1877 489 in
1898 439 2167 490 domibus
2185 438 2390 488 caden-

201 504 353 555 tibus
374 519 496 554 non
517 503 671 554 male
693 503 843 568 afficj
871 504 1204 566 existiment,
1227 515 1285 558 vt
1306 524 1497 572 neque
1519 512 2011 573 propinquitatem
2030 509 2179 560 Solis
2201 524 2391 571 neque

201 577 651 638 permixtionem
670 574 706 636 b
724 574 822 639 ipsj
842 591 1053 626 nocere
1069 579 1215 639 posse
1232 580 1471 641 quidam
1483 580 1703 638 volunt,
1721 596 1790 631 eo
1807 580 1963 643 quod
1984 580 2019 643 b
2039 579 2390 642 contempla-

201 648 423 696 tionem
451 644 501 695 &
528 645 983 708 speculationem
1013 648 1314 712 adaugeat,
1348 650 1496 701 Solis
1523 667 1661 702 vero
1692 654 1998 714 permixtio
2026 653 2165 713 quia
2191 650 2390 701 crebro

201 716 280 776 fit,
301 719 498 767 minus
519 723 704 766 nocet.
728 711 747 782 ΙΙ

273 786 608 851 Relligionis
630 803 770 837 vero
792 791 1091 851 negotium
1113 789 1208 839 etfi
1228 794 1459 854 proprie
1475 792 1549 843 ad
1565 792 1970 843 Genetliacam
1992 791 2390 842 consideratio-

201 873 339 909 nem
359 874 482 909 non
502 860 801 921 pertineat,
825 874 895 909 eo
917 860 1075 922 quod
1089 876 1228 911 vera
1250 863 1553 925 propensio
1569 863 1643 913 ad
1658 863 1972 926 relligionis
1992 862 2257 926 mysteria
2271 878 2390 913 am-

201 927 505 993 pled'tenda
534 928 815 980 diuinitus
846 945 917 980 ex
946 930 1201 995 Olympo
1231 933 1517 997 inuisibilj,
1549 949 1670 983 non
1701 949 1771 984 ex
1802 933 2010 984 coelesti
2040 933 2262 984 mundo
2293 939 2393 983 aut

201 999 446 1064 phyficis
467 999 944 1051 inclinationibus
958 1002 1248 1064 procedat,
1271 1010 1469 1054 tamen
1484 1004 1801 1054 secundum
1817 1004 2189 1067 quorundam
2205 1003 2392 1054 Astro-

201 1071 471 1135 logorum
497 1071 710 1134 placita
737 1072 807 1122 de
835 1078 1076 1123 externa
1101 1073 1202 1124 illa
1224 1073 1274 1124 8(
1295 1074 1529 1137 politica
1551 1076 1624 1125 ad
1645 1075 1959 1139 relligionis
1984 1075 2141 1125 sacra
2161 1090 2391 1138 promo-

201 1142 398 1193 uenda
429 1141 813 1205 propensione
848 1143 1288 1206 quodammodo
1322 1145 1717 1204 coniectandO,
1757 1146 1950 1196 iudico
1985 1162 2055 1196 ex
2086 1150 2121 1202 2l
2152 1145 2392 1195 domino

201 1228 379 1264 nonae
409 1213 620 1264 domus
650 1216 867 1277 optime
898 1214 1198 1266 constituto
1228 1218 1290 1266 in
1317 1220 1371 1274 Δ
1399 1217 1585 1281 partilj
1618 1216 1896 1267 beneficae
1923 1217 2182 1275 VeneriS,
2215 1231 2394 1278 quam

202 1286 401 1348 recipit
422 1284 494 1335 ab
518 1284 888 1344 exaltatione,
912 1285 963 1335 &
985 1288 1124 1348 quia
1148 1288 1197 1346 Ω
1220 1286 1540 1349 plurimum
1561 1288 1634 1338 ad
1656 1288 1947 1351 cuspidem
1968 1302 2143 1337 nonae
2159 1287 2392 1345 accedit,

201 1354 359 1406 hunc
385 1355 668 1420 inclytum
695 1362 901 1406 natum
928 1372 1063 1420 erga
1089 1373 1180 1408 res
1206 1357 1394 1409 sacras
1422 1358 1901 1422 relligionemque
1926 1357 2276 1421 propensum
2297 1357 2393 1407 ad-

201 1427 446 1477 modum
466 1429 735 1477 animum
755 1426 1109 1478 habiturum.
1134 1424 1152 1495 ΙΙ

594 1556 700 1607 DE
728 1556 1342 1609 EGRITVDINIBVS
1371 1559 1467 1609 ET
1493 1558 1718 1610 VITIIS
1746 1559 2005 1609 ANIMI.

274 1639 415 1690 Non
435 1646 635 1690 tamen
656 1640 870 1691 carebit
891 1639 985 1691 hic
1006 1641 1254 1705 inclytus
1275 1649 1447 1692 natus
1469 1644 1647 1705 animj
1674 1641 2021 1704 quibusdam
2046 1641 2394 1704 aegritudini-

201 1710 310 1761 bus
332 1710 571 1761 subinde
592 1711 1038 1771 recurrentibuS,
1061 1715 1201 1775 quia
1224 1714 1254 1771 Ψ
1274 1715 1336 1762 in
1356 1712 1512 1763 sexta
1533 1713 1845 1763 damnatur
1864 1710 2270 1762 coniunctione
2290 1711 2326 1773 b
2346 1710 2396 1760 &

208 1785 264 1841 [l
285 1786 331 1839 ὅ·
347 1822 358 1841 ,
381 1781 708 1832 combustus
731 1784 907 1833 etiam
922 1798 958 1833 a
978 1781 1097 1842 (3¹8,
1119 1782 1272 1833 vnde
1293 1782 1749 1834 melancholicas
1768 1783 2054 1846 quasdam
2069 1784 2246 1845 animj
2271 1798 2395 1845 per-

202 1852 562 1904 turbationes
590 1855 1084 1917 cogitationesque
1111 1853 1288 1904 tristes
1319 1857 1587 1904 animum
1616 1869 2049 1916 nonnunquam
2078 1852 2396 1916 affligentes

202 1923 469 1983 insinuat,
509 1923 825 1987 praesertim
859 1927 998 1987 quia
1035 1927 1092 1984 Θ
1131 1924 1460 1988 Horoscopi
1497 1925 1770 1975 dominus
1802 1940 1920 1975 vna
1952 1923 2024 1974 ab
2059 1924 2265 1974 eodem
2299 1923 2395 1974 Sa-

202 2002 377 2046 turno
399 1994 450 2045 &
471 1994 771 2045 Mercurio
794 1994 1205 2046 Saturnificato
1227 1995 1492 2047 afficitur.
1521 1995 1746 2059 Magna
1765 1998 1961 2058 itaque
1984 1997 2397 2058 cogitationum

203 2065 577 2117 vehementia
602 2065 1007 2130 saepenumero
1034 2066 1336 2118 laborabit.
1368 2067 1678 2118 Iracundia
1707 2066 1953 2130 insuper,
1983 2081 2115 2128 quae
2142 2071 2398 2115 mentem

204 2139 590 2200 animumque
622 2137 773 2201 saepe
807 2138 877 2188 de
910 2137 1012 2189 sua
1044 2137 1174 2189 sede
1207 2137 1369 2197 tollit,
1411 2153 1845 2201 nonnunquam
1884 2137 2203 2201 plurimum
2236 2135 2397 2186 effer-

204 2208 407 2267 uescet‚
436 2208 510 2258 ob
538 2208 821 2259 Martiam
847 2211 1313 2272 permixtionem.
1336 2204 1355 2275 ΙΙ
1378 2209 1446 2259 Et
1474 2211 1746 2272 quamuis
1768 2209 1938 2259 Luna
1963 2210 2024 2257 in
2050 2207 2160 2257 hac
2187 2206 2401 2270 inclyta

206 2279 498 2331 Genitura
523 2282 817 2343 potentior
844 2279 918 2330 est
944 2296 1125 2343 quam
1153 2282 1208 2340 ἔξ,
1237 2296 1307 2331 eo
1335 2281 1493 2343 quod
1519 2280 1620 2331 illa
1646 2279 1709 2330 fit
1735 2282 1797 2330 in
1824 2279 2040 2343 angulo
2067 2278 2244 2336 fortis,
2271 2280 2318 2327 is
2340 2280 2401 2327 in

206 2351 384 2402 domo
406 2349 648 2401 cadente
671 2350 874 2401 debilis
897 2350 947 2401 &
968 2351 1041 2402 ab
1062 2358 1307 2414 Vtroque
1328 2350 1599 2402 malefica
1624 2350 2034 2409 infortunatuS,
2062 2349 2213 2399 vnde
2240 2348 2399 2411 figni-

204 2421 367 2473 ficari
382 2421 755 2485 aliquatenus
773 2422 945 2485 posset
966 2421 1124 2472 hunc
1139 2429 1345 2473 natum
1359 2422 1490 2485 plus
1505 2420 1806 2473 affectibus
1821 2421 1872 2472 8(
1887 2420 2136 2471 senfibus
2153 2422 2401 2470 externis

206 2508 386 2556 quam
407 2495 649 2543 rationis
671 2508 897 2543 normae
919 2493 1309 2552 tribuiturum,
1331 2499 1530 2544 tamen
1545 2496 1684 2556 quia
1700 2494 1869 2544 Luna
1884 2492 2033 2543 estin
2052 2490 2088 2553 b
2107 2489 2400 2541 domicilio

206 2563 258 2614 8(
277 2564 509 2628 benignj
532 2568 568 2621 94
588 2562 817 2627 aspectu
838 2563 1209 2627 antisciaque‚
1231 2564 1465 2628 ipseque
1482 2564 1814 2615 Mercurius
1831 2563 2082 2614 Saturno
2106 2561 2400 2624 sapientiae

205 2633 573 2698 fignificatori
593 2634 980 2698 permiscetur,
1001 2637 1198 2686 minus
1220 2634 1428 2686 efficax
1450 2638 1554 2686 erit
1575 2634 1687 2686 hoc
1707 2635 2005 2685 indicium.
2030 2633 2248 2684 Omnia
2262 2647 2400 2682 vero

206 2705 335 2756 haec
362 2720 497 2768 quae
525 2708 677 2756 circa
704 2705 1090 2770 egritudinem
1116 2709 1297 2771 animj
1332 2707 1601 2766 diximuS‚
1632 2709 1854 2769 mitigat
1884 2705 1935 2755 8(
1964 2705 2190 2755 leuiora
2219 2702 2402 2752 reddit

206 2776 364 2827 Iouis
385 2776 459 2827 ad
481 2776 714 2827 Lunam
728 2776 1180 2840 Ascendensque
1202 2776 1459 2840 aspectus
1476 2777 1526 2827 8(
1541 2776 1792 2828 antiscia.
1815 2776 2109 2839 Tempora
2123 2789 2261 2824 vero
2278 2775 2399 2835 qui-

206 2848 315 2898 bus
336 2849 515 2912 animj
541 2847 796 2898 aduerfis
817 2846 1221 2900 affectionibus
1242 2851 1499 2899 maxime
1521 2848 1812 2898 obnoxius
1834 2849 1954 2906 erit,
1983 2862 2053 2896 ex
2079 2842 2399 2896 directioni-

207 2918 315 2969 bus
342 2917 623 2982 apheticis
651 2913 670 2985 ΙΙ
697 2918 1013 2982 praesertim
1039 2921 1078 2980 ζ(
1105 2919 1180 2970 ad
1207 2919 1401 2970 radios
1430 2919 1466 2981 b
1493 2921 1610 2982 peti
1636 2920 1872 2982 possunt,
1903 2924 1961 2968 vt
1987 2931 2146 2968 anno
2173 2915 2239 2965 27
2268 2929 2401 2965 cum

209 2989 379 3040 Luna
400 2989 681 3040 conuersa
702 2987 1017 3040 directione
1038 2990 1112 3041 ad
1141 2989 1177 3053 b
1205 3005 1415 3053 corpus
1435 2992 1718 3053 pertingit,
1740 2989 1892 3039 vnde
1914 2985 2400 3038 melancholicam

209 3060 511 3123 quandam
537 3059 589 3110 8(
614 3060 826 3111 tristem
853 3063 1032 3125 animj
1063 3059 1434 3112 affectionem
1460 3060 1726 3111 infinuat.
1758 3060 1919 3110 Idem
1946 3058 2063 3109 fere
2092 3057 2224 3108 facit
2250 3058 2400 3106 circa

208 3130 277 3182 38
306 3146 549 3189 annum,
584 3146 719 3181 cum
749 3131 1049 3182 Mercurio
1080 3131 1492 3183 Saturnificato
1522 3147 1624 3195 per
1654 3129 2031 3182 directionem
2061 3126 2399 3179 conuersam

207 3201 475 3265 applicat,
504 3204 778 3264 quamuis
809 3207 845 3259 ²¹,
870 3205 948 3262 Δ,
984 3205 1073 3267 cuj
1106 3205 1257 3253 circa
1282 3202 1439 3253 idem
1465 3209 1695 3265 tempus
1722 3205 1783 3252 in
1810 3200 2282 3263 consequentiam
2308 3211 2397 3245 ac-

209 3272 373 3331 cedit,
401 3271 556 3323 hanc
582 3272 1061 3336 significationem
1086 3276 1309 3324 irritam
1329 3276 1644 3336 minusque
1672 3272 1969 3324 efficacem
1995 3270 2210 3320 reddat.
2239 3267 2399 3384 Pote{

348 3353 416 3388 30*
1851 3360 1854 3362 ·
2266 3350 2377 3386 run
