2678 4069
728 411 859 469 AD
897 411 1256 472 LIBRUM
1295 415 1416 474 DE
1454 416 1709 475 NOVA
1744 414 2103 476 STELLA.

475 522 536 563 IC
563 521 764 564 libellus
791 524 964 565 lucem
991 524 1118 566 vidit
1145 537 1283 568 anno
1315 527 1441 577 1573,
1469 528 1561 570 sed
1589 529 1803 570 minime
1830 528 2123 582 divulgatus
2150 541 2262 572 esse
2284 530 2508 580 videtur;

490 593 600 646 ipse
622 593 835 646 quidem
854 594 1036 647 Tycho
1062 607 1257 648 »pauca
1279 597 1443 639 enim«
1468 598 1631 651 inquit
1656 600 1789 653 »ejus
1810 600 1947 641 edita
1968 603 2086 641 sunt
2113 601 2435 653 exemplaria
2461 604 2511 642 et

319 665 484 706 multo
511 663 766 717 pauciora
793 664 861 706 ad
891 668 1098 707 exteros
1128 666 1379 721 (quadam
1408 670 1724 722 typographi
1748 670 2047 726 tenacitate)
2077 671 2235 712 allata
2265 683 2510 724 pervene-

318 739 464 777 runt«
488 734 797 790 (Progymn.
822 735 842 776 I
864 747 911 788 p.
934 735 1053 790 581).
1081 736 1256 786 Quare
1276 750 1414 780 nunc
1436 739 1701 781 rarissime
1724 740 1967 791 occurrit,
1996 752 2164 793 neque
2186 745 2305 783 ante
2327 754 2372 783 a.
2400 741 2510 784 1890

319 819 350 848 a
366 817 637 859 quoquam
653 817 856 856 eorum,
880 807 967 859 qui
982 809 1323 850 astronomiae
1338 809 1613 851 historiam
1627 812 1942 861 tractabant,
1965 811 2228 864 inspectus
2244 814 2370 853 erat.
2392 812 2510 854 Tria

319 878 428 932 ejus
455 877 699 929 exempla
725 877 776 917 in
803 876 1131 919 bibliothecis
1153 878 1540 922 Hauniensibus
1562 884 1782 931 exstant,
1811 885 1861 923 et
1888 885 2035 923 extra
2057 882 2283 924 Daniam
2307 886 2510 936 septem

317 950 524 990 tantum
551 950 811 1000 praeterea
837 948 989 990 nobis
1016 952 1141 990 nota
1168 953 1301 991 sunt.
1332 950 1507 1000 Quare
1531 951 1818 1004 Progymn.
1844 953 1863 993 I
1885 964 1932 1005 p.
1955 952 2040 994 582
2061 964 2171 1005 sqq.
2202 954 2510 995 astronomi-

318 1031 441 1062 cam
467 1021 676 1072 partem
703 1029 906 1069 eorum,
935 1031 1054 1072 quae
1082 1020 1146 1061 de
1172 1031 1312 1062 nova
1336 1022 1484 1063 stella
1505 1022 1713 1075 proprie
1735 1027 1893 1076 agunt
1911 1023 1959 1078 (i.
1983 1035 2025 1065 e.
2049 1036 2096 1077 p.
2124 1023 2293 1065 16—30
2314 1027 2509 1066 nostrae

318 1089 591 1145 editionis),
614 1090 788 1131 denuo
807 1089 990 1143 Tycho
1011 1090 1149 1143 typis
1171 1091 1573 1134 describendam
1595 1094 1812 1135 curavit.
1835 1094 2070 1147 Denique
2092 1106 2271 1136 mense
2293 1095 2510 1137 Octobri

319 1161 441 1203 anni
471 1160 597 1211 1901,
625 1160 872 1202 trecentis
900 1161 1049 1203 annis
1075 1165 1194 1214 post
1220 1166 1449 1205 mortem
1475 1163 1737 1217 Tychonis
1764 1165 1967 1218 elapsiS,
1998 1177 2125 1207 cura
2153 1166 2319 1219 Regiae
2341 1165 2510 1207 Socie-

317 1232 438 1274 tatis
465 1231 814 1274 scientiarum
842 1232 1061 1275 Danicae
1088 1233 1279 1286 prodiit
1305 1245 1445 1276 nova
1472 1234 1644 1285 editio,
1674 1247 1777 1288 qua
1804 1236 2044 1289 princeps
2071 1236 2226 1278 editio
2253 1237 2382 1277 lucis
2410 1247 2508 1288 ope

317 1314 567 1356 expressa
589 1306 717 1345 erat.

376 1374 493 1424 Qua
514 1385 570 1416 re
592 1377 895 1416 commotus
908 1374 1091 1427 Tycho
1112 1374 1343 1417 libellum
1362 1376 1594 1426 ediderit,
1617 1379 1760 1429 patet
1775 1388 1839 1419 ex
1854 1376 2032 1419 litteris
2048 1377 2293 1419 Iohannis
2308 1379 2511 1420 Praten-

315 1445 385 1487 sis
412 1444 571 1487 amici
598 1446 666 1487 ad
685 1445 995 1499 Tychonem
1022 1448 1072 1487 et
1098 1445 1251 1499 hujus
1280 1447 1347 1487 ad
1374 1446 1518 1487 illum
1545 1447 1694 1497 datis,
1725 1459 1843 1500 quae
1871 1448 2040 1490 libello
2062 1449 2353 1501 praemissae
2374 1452 2506 1490 sunt.

317 1516 561 1558 Ceterum
587 1516 672 1558 hic
699 1517 957 1559 Pratensis
983 1516 1119 1558 filius
1147 1520 1260 1558 erat
1285 1517 1512 1559 hominis
1543 1518 1820 1572 cujusdam
1847 1519 2169 1572 Francogalli
2197 1519 2409 1560 nomine
2439 1519 2508 1560 du

316 1589 424 1638 Fre,
453 1588 541 1641 qui
566 1588 618 1629 in
639 1587 868 1629 Daniam
894 1587 1312 1641 immigraverat;
1343 1588 1408 1630 ab
1438 1601 1483 1630 a.
1512 1589 1616 1630 1571
1649 1589 1700 1630 in
1726 1590 2060 1631 universitate
2083 1589 2369 1631 Hauniensi
2394 1600 2509 1642 pro-

317 1658 486 1701 fessor
511 1661 625 1700 erat
652 1658 946 1709 medicinae‚
976 1671 1021 1700 a.
1052 1661 1231 1700 autem
1262 1658 1373 1701 1576
1400 1662 1640 1701 mortuus
1667 1663 1757 1702 est.
1791 1660 1972 1713 Neque
1997 1663 2176 1701 tamen
2202 1659 2509 1713 praetermit-

315 1730 533 1772 tendum
554 1729 775 1780 videtur,
804 1730 1002 1772 litteras
1022 1731 1279 1772 Pratensis
1306 1730 1354 1772 d.
1377 1730 1403 1772 3
1426 1743 1494 1772 m.
1519 1731 1643 1784 Maji
1670 1731 1821 1773 datas
1843 1735 1893 1773 et
1911 1730 2172 1784 Tychonis
2196 1741 2507 1783 responsum

316 1802 364 1844 d.
387 1802 413 1842 5
435 1802 671 1856 ejusdem
692 1801 886 1843 mensis
907 1801 1092 1843 datum
1113 1801 1216 1843 hoc
1237 1802 1351 1843 solo
1374 1801 1590 1843 consilio
1611 1802 1805 1854 scripta
1826 1814 1954 1851 esse,
1977 1805 2033 1843 ut
2053 1801 2375 1854 praefationis
2393 1800 2507 1842 vice

316 1872 668 1927 fungerentur.
700 1873 880 1914 Exstat
906 1872 1047 1914 enim
1073 1873 1377 1926 exemplum
1402 1866 1804 1925 transscriptum
1831 1873 1954 1914 illud
1982 1873 2208 1926 quidem,
2240 1872 2331 1913 sed
2359 1884 2389 1913 a
2414 1872 2508 1924 Ty-

316 1943 487 1986 chone
517 1943 794 1997 signatum,
827 1943 1063 1996 epistulae
1093 1944 1141 1985 d.
1175 1943 1227 1985 16
1254 1956 1323 1985 m.
1346 1943 1534 1996 Aprilis
1565 1956 1610 1984 a.
1647 1943 1756 1985 1573
1788 1956 1818 1985 a
1848 1944 2077 1995 Pratensi
2106 1943 2173 1984 ad
2201 1942 2506 1995 Tychonem

316 2015 472 2065 datae,
496 2027 601 2068 qua
621 2014 816 2068 figuras
831 2015 944 2069 jam
965 2014 1136 2056 excidi
1156 2017 1206 2056 et
1227 2015 1291 2056 de
1312 2014 1498 2056 charta
1519 2015 1855 2067 procuranda
1876 2026 2125 2068 magnam
2143 2013 2506 2055 difficultatem

315 2097 430 2128 esse
451 2085 653 2128 dicitur.
678 2085 859 2138 Itaque
880 2085 1158 2128 consilium
1178 2085 1295 2127 libri
1315 2085 1501 2127 edendi
1522 2086 1687 2127 multo
1710 2089 1829 2127 ante
1850 2085 1898 2127 d.
1921 2085 1947 2127 3
1969 2098 2038 2127 m.
2063 2084 2505 2139 MajiTychonem

315 2156 571 2210 probasse
592 2160 827 2210 apparet.

375 2227 451 2269 Illi
469 2231 743 2279 tractatus,
773 2238 905 2281 quos
927 2230 1081 2269 antea
1101 2238 1216 2269 sese
1236 2227 1505 2280 scripsisse
1524 2226 1705 2280 Tycho
1728 2227 1798 2268 ait
1824 2226 1943 2282 (vid.
1966 2237 2125 2280 supra
2146 2238 2193 2279 p.
2215 2225 2345 2277 36‚41;
2373 2224 2502 2276 38‚35;

313 2298 458 2355 39‚18),
486 2310 625 2341 nunc
649 2310 834 2341 omnes
854 2298 1241 2340 interciderunt.
1271 2297 1506 2340 Forsitan
1533 2298 1658 2351 ipse,
1686 2309 1810 2340 cum
1832 2298 1899 2339 ad
1920 2300 2134 2339 aetatem
2162 2296 2506 2338 maturiorem

315 2370 653 2423 pervenisset,
676 2381 767 2412 eos
789 2369 1052 2412 deleverit.

374 2441 453 2483 Ab
475 2441 701 2483 editione
719 2441 841 2482 anni
860 2441 969 2483 1573
986 2441 1184 2494 aliquot
1197 2440 1327 2482 locis
1343 2439 1605 2493 discrepat
1619 2439 1986 2494 redintegratio
2002 2435 2506 2492 ProgymnasmatiS

315 2512 525 2563 inserta,
554 2512 643 2554 ubi
669 2514 864 2565 praeter
890 2511 992 2553 alia
1019 2511 1281 2564 quosdam
1307 2521 1557 2552 numeros
1584 2521 1786 2561 eorum,
1816 2510 1902 2563 qui
1928 2522 1975 2563 p.
1999 2508 2172 2551 22-23
2198 2509 2350 2562 hujus
2375 2508 2506 2549 tomi

315 2582 664 2632 inveniuntur,
695 2582 876 2635 Tycho
907 2582 1137 2624 correxit
1167 2581 1252 2637 (cf.
1283 2580 1572 2635 Progymn.
1603 2581 1622 2622 I
1650 2593 1698 2634 p.
1726 2580 1845 2636 593).
1882 2580 2087 2622 Harum
2117 2579 2505 2621 correctionum

315 2654 515 2695 nullam
530 2653 581 2694 in
595 2653 699 2695 hoc
714 2656 862 2695 tomo
878 2653 1196 2707 praebemus,
1220 2652 1341 2706 quia
1355 2652 1495 2694 hunc
1511 2652 1741 2694 libellum
1750 2651 1964 2706 juvenili
1978 2653 2134 2693 aetate
2150 2649 2505 2702 conscriptum

316 2724 506 2766 eadem
533 2724 708 2766 forma
735 2724 975 2777 praebere
1001 2724 1280 2773 voluimus,
1310 2735 1414 2776 qua
1441 2722 1600 2765 edidit
1619 2722 1815 2776 Tycho.
1845 2721 2223 2775 Redintegratio
2252 2723 2429 2762 autem
2455 2719 2506 2760 in

315 2798 464 2837 tomo
493 2794 562 2836 III
589 2795 896 2845 invenietur,
924 2796 1059 2837 sicut
1083 2795 1136 2836 in
1161 2797 1310 2836 tomo
1338 2794 1406 2835 IX
1434 2805 1618 2836 omnes
1645 2793 1920 2846 scripturae
1942 2793 2311 2846 discrepantes.
2340 2791 2405 2831 At
2425 2801 2503 2840 ea,

316 2878 436 2919 quae
462 2866 514 2907 in
540 2865 644 2908 fine
671 2866 910 2908 editionis
936 2865 1182 2919 principis
1209 2868 1384 2907 errata
1411 2876 1524 2907 esse
1544 2864 1725 2918 Tycho
1752 2863 2000 2906 indicavit
2024 2863 2163 2918 (quae
2189 2861 2314 2904 satis
2334 2872 2505 2914 pauca

315 2936 467 2992 sunt),
490 2936 575 2978 hic
597 2938 941 2979 correximus.
964 2937 1104 2978 Inter
1124 2948 1244 2990 quae
1266 2936 1487 2978 maximi
1507 2935 1763 2978 momenti
1782 2938 1860 2977 est
1880 2945 2042 2984 error,
2066 2933 2152 2986 qui
2166 2933 2217 2974 in
2230 2932 2396 2986 figura
2415 2931 2502 2972 fol.

316 3007 382 3048 Bv
401 3006 468 3062 (p.
491 3006 566 3063 20)
593 3011 833 3061 apparet;
861 3019 958 3061 pro
984 3008 1087 3050 hac
1116 3007 1276 3049 aliam
1303 3007 1545 3050 dedimus
1571 3018 1599 3049 e
1626 3006 1810 3048 codice
1831 3003 2222 3047 Vindobonensi
2247 3004 2332 3044 lat.
2366 3001 2504 3043 10932

315 3077 549 3130 petitam.

376 3148 444 3190 ad
464 3159 512 3201 p.
564 3147 662 3204 6,22]
683 3148 749 3190 cf.
771 3149 995 3191 Platonis
1017 3147 1207 3202 Symp.
1230 3161 1278 3202 p.
1301 3149 1386 3190 215
1407 3160 1482 3202 sq.

376 3219 444 3260 ad
463 3230 511 3272 p.
563 3218 661 3275 9‚22]
683 3219 762 3261 De
783 3219 1056 3262 Hadriano
1077 3220 1397 3272 imperatore
1418 3219 1483 3261 cf.
1507 3218 1762 3272 Spartian.
1788 3216 1876 3258 vif.
1898 3216 2061 3258 Hadr.
2086 3227 2199 3268 cap.
2227 3214 2292 3256 16.

376 3289 444 3330 ad
464 3300 512 3342 p.
541 3288 628 3340 16‚⁶
648 3289 663 3346 ]
685 3289 968 3340 Quomodo
990 3291 1038 3332 d.
1066 3290 1112 3332 11
1133 3303 1202 3332 m.
1221 3290 1354 3332 Nov.
1379 3289 1501 3331 anni
1524 3289 1634 3331 1572
1655 3289 1861 3331 stellam
1881 3288 2111 3341 primum
2130 3285 2329 3334 viderit,
2352 3283 2501 3336 pluri-
