2678 4069
157 781 178 814 5

137 1208 177 1242 10

137 1565 178 1598 15

131 2345 175 2378 25

129 2699 175 2733 30

128 3054 173 3088 35

657 260 771 311 DE
797 261 1039 313 NOVA
1066 263 1383 315 STELLA
1409 265 2003 319 PERTINENTES
2349 269 2427 320 141

736 406 926 494 DE
965 407 1356 498 NOVA
1393 410 1928 502 STELLA.

654 536 773 595 EX
802 535 1148 597 LITERIS
1178 539 1683 601 CUIUSDAM
1714 543 2011 603 AMICI.

234 626 435 750 SED
459 628 598 690 quid
619 627 790 678 sentis
812 628 882 679 de
904 644 1063 679 noua
1086 628 1186 680 ista
1208 636 1262 679 et
1283 630 1480 681 illustri
1501 632 1673 692 stella,
1697 650 1830 696 quae
1852 650 2009 685 nunc
2024 636 2282 687 mensem
2297 637 2427 700 plus

349 701 547 749 minus
573 701 635 749 111
663 698 837 750 Coelo
866 699 1228 762 conspicitur,
1258 717 1509 764 cumque
1538 706 1830 768 incognita
1857 704 2138 757 hactenus
2165 707 2227 757 fit
2253 707 2425 767 stella,

229 785 351 820 non
383 776 583 820 tamen
615 773 677 820 in
709 786 938 821 morem
973 770 1358 822 Cometarum
1392 776 1596 824 crinita
1628 782 1729 825 aut
1766 776 2008 827 barbata
2043 778 2427 842 conspicitur?

228 841 518 892 Praeterea
537 841 751 901 locum,
781 844 841 892 in
864 857 982 905 quo
1003 844 1194 905 primo
1216 842 1335 893 visa
1357 850 1454 902 est,
1484 844 1764 896 hactenus
1786 863 1859 897 ne
1881 847 2065 898 latum
2087 850 2324 912 quidem
2345 850 2424 900 di-

227 914 410 976 gitum
443 919 671 964 mutare
706 913 1061 964 obseruatur.
1100 913 1251 964 Haec
1283 913 1430 964 mihi
1464 916 1849 967 admiratione
1884 925 1937 968 et
1971 919 2425 972 consideratione

228 983 403 1048 digna
423 984 714 1035 uidentur.
739 984 963 1035 Datum
985 984 1121 1035 XVI
1143 984 1485 1036 Decembris
1507 986 1871 1039 MDLXXII.

471 1106 590 1165 EX
617 1107 854 1177 ALIJS
885 1106 1231 1166 LITERIS
1259 1107 1379 1165 AB
1412 1107 1745 1168 EODEM
1778 1110 2187 1171 SCRIPTIS.

300 1197 490 1248 Miror
519 1197 769 1249 vestrum
800 1197 1294 1249 Mathematicum
1326 1198 1546 1250 stellam
1580 1199 1741 1250 istam
1771 1217 1892 1251 non
1921 1203 2132 1263 videre,
2167 1220 2300 1267 quae
2333 1205 2426 1256 1110

228 1271 423 1332 pueris
450 1271 785 1329 innotuerit,
815 1276 869 1320 et
897 1276 1094 1320 extant
1122 1270 1192 1320 de
1221 1285 1291 1320 ea
1318 1269 1541 1333 aliquot
1568 1270 1742 1335 libellj
1768 1272 1840 1322 ab
1863 1274 2098 1324 eruditis
2120 1276 2270 1339 editj.
2294 1276 2426 1327 Visa

230 1345 313 1390 est
334 1355 370 1391 a
390 1343 585 1391 nautis
606 1340 886 1405 Hispanis
907 1343 968 1391 111
992 1338 1225 1405 0610111]
1255 1344 1566 1404 praeterito,
1596 1348 1649 1392 et
1676 1341 1791 1393 huc
1819 1344 1892 1393 ad
1920 1360 2026 1395 nos
2053 1346 2426 1410 perscriptum

229 1418 328 1462 est.
350 1411 509 1476 Varij
534 1414 699 1463 varia
719 1412 1085 1476 praesagiunt,
1107 1412 1201 1463 sed
1216 1412 1362 1463 mihi
1377 1412 1856 1464 reformationem
1872 1415 2134 1467 Ecclefiae
2151 1423 2203 1467 et
2219 1417 2424 1481 Reipu-

226 1481 394 1533 blieae
415 1482 734 1547 significare
755 1483 999 1543 videtur,
1028 1486 1168 1547 quia
1194 1483 1352 1535 stella
1374 1483 1463 1543 est,
1492 1500 1614 1535 non
1636 1484 1899 1545 Cometa,
1929 1487 2116 1549 qualis
2138 1504 2173 1538 a
2194 1489 2425 1540 condito

228 1554 452 1605 mundo
480 1554 646 1606 nulla
666 1554 785 1606 visa
813 1561 912 1614 est,
941 1554 1045 1605 11111
1073 1570 1207 1618 quae
1230 1555 1423 1619 Magis
1450 1555 1582 1606 solis
1610 1559 1895 1619 apparuit.
1925 1557 2076 1619 Quae
2102 1565 2203 1609 tua
2223 1559 2284 1610 fit
2304 1559 2423 1611 sen-

226 1628 423 1685 tentia,
451 1625 696 1677 libenter
717 1626 820 1678 abs
841 1633 895 1677 te
918 1626 1339 1690 cognoscerem.
1370 1626 1578 1677 Metuo
1606 1634 1820 1686 tamen,
1850 1634 2167 1691 antequam
2193 1630 2319 1681 haec
2341 1647 2424 1682 re-

227 1696 500 1748 formatio
527 1696 644 1757 1131,
673 1700 962 1749 maiorem
988 1704 1214 1761 partem
1241 1696 1458 1748 horum
1478 1698 1775 1762 praesentis
1796 1698 1989 1749 saeculi
2010 1707 2242 1763 propter
2262 1702 2424 1752 mali-

226 1770 369 1819 tiam
389 1767 553 1819 suam
567 1768 722 1820 bello
737 1769 887 1833 peste
904 1775 957 1820 et
972 1769 1127 1820 fame
1143 1771 1526 1820 interituram.
1550 1770 1689 1821 Dat:
1713 1770 2146 1835 XIIIIJanuarij
2167 1772 2423 1823 LXXIII.

675 1885 795 1944 EX
827 1885 1174 1945 LITERIS
1202 1885 1654 1945 ALTERIUS
1682 1886 1981 1946 AMICI.

297 1976 452 2027 Ante
473 1977 698 2028 menses
719 1977 838 2028 fere
859 1983 973 2028 tres
996 1976 1297 2040 conspecta
1319 1983 1419 2036 est,
1448 1978 1517 2028 de
1541 1993 1659 2041 qua
1679 1977 1887 2038 scribis,
1916 1979 2077 2030 nona
2105 1986 2157 2030 et
2182 1980 2425 2031 rutilans

161 2067 181 2083 v
225 2047 398 2099 stella.
421 2048 545 2099 Viri
560 2048 950 2100 Astronomiae
973 2043 992 2116 ΙΙ
1014 2051 1177 2113 peritj
1202 2049 1454 2100 statuunt
1475 2048 1629 2100 hanc
1650 2049 1773 2100 fore
1796 2049 2132 2117 πρόδρομον
2155 2051 2423 2115 (praecur-

225 2118 435 2181 sorem)
457 2118 559 2184 filij
585 2120 716 2180 Dei,
745 2119 950 2171 fatales
973 2127 1026 2171 et
1047 2119 1280 2171 vltimas
1307 2123 1664 2171 mutationes
1685 2123 1881 2184 generi
1909 2120 2175 2173 humano
2197 2130 2423 2186 porten-

226 2190 378 2241 dere.
410 2190 605 2242 Illuxit
634 2191 860 2243 Christo
892 2191 1160 2242 nascente
1190 2191 1364 2251 stella,
1396 2207 1530 2255 quae
1562 2191 1702 2242 Dux
1732 2194 1953 2243 itineris
1984 2208 2055 2243 ex
2084 2192 2321 2244 Oriente
2352 2195 2425 2245 ad

225 2261 428 2312 vrbem
456 2262 1002 2314 Bethlehemiticam
1030 2263 1243 2327 Magos
1273 2264 1573 2322 antecessit‚
1604 2263 1843 2314 tandem
1873 2263 2045 2327 supra
2075 2264 2333 2325 domum,
2364 2268 2425 2315 in

227 2348 345 2396 qua
367 2333 628 2385 Christus
655 2334 778 2394 fuit,
807 2334 1065 2385 constitit.
1094 2334 1196 2385 Pia
1222 2337 1539 2397 antiquitas
1562 2334 1748 2385 censet
1769 2334 1924 2386 fuisse
1945 2335 2256 2399 Angelum.
2287 2336 2422 2387 Cer-

224 2412 350 2455 tum
379 2411 461 2455 est
489 2412 688 2456 autem
716 2422 875 2456 nunc
903 2421 1141 2469 quoque
1169 2412 1488 2469 apparente
1519 2421 1716 2456 rerum
1746 2405 1863 2456 fine
1893 2406 2135 2457 instante
2164 2413 2424 2471 tempore

225 2475 411 2526 vltimi
433 2476 623 2540 Iuditij
648 2476 805 2540 figna
827 2476 878 2527 &
902 2477 1166 2540 prodigia
1186 2476 1443 2540 plurima
1463 2479 1524 2527 in
1545 2492 1743 2527 rerum
1764 2484 1977 2528 natura
1998 2485 2283 2529 euentura
2305 2479 2422 2538 esse,

225 2549 370 2597 sicut
391 2547 506 2610 ipse
533 2547 687 2598 Iesus
710 2547 970 2599 Christus
992 2548 1105 2599 Dei
1127 2547 1283 2598 filius
1303 2548 1587 2611 praedixit,
1610 2550 1711 2611 qui
1734 2549 1971 2611 quidem
1991 2548 2253 2599 futurum
2273 2549 2424 2600 affir-

224 2625 345 2669 mat
375 2625 433 2668 vt
463 2626 954 2670 commoueantur
980 2622 1219 2670 virtutes
1248 2619 1557 2670 Coelorum
1585 2618 1636 2669 8(
1663 2622 2015 2670 nominatim
2044 2619 2182 2683 figni
2212 2620 2424 2684 peculi-

225 2692 357 2748 ariS,
381 2690 539 2753 quod
560 2696 729 2741 vocat
750 2690 974 2754 fignum
996 2690 1097 2754 filij
1122 2690 1381 2741 hominis
1402 2692 1463 2740 in
1485 2690 1658 2741 Coelo
1675 2689 1864 2741 Math.
1882 2690 2121 2750 XXIIII,
2143 2694 2422 2742 meminit.

225 2760 288 2811 Id
310 2760 407 2811 0111
428 2760 602 2824 quale
623 2761 888 2812 futurum
908 2761 986 2821 fit,
1010 2761 1105 2826 alij
1131 2761 1297 2812 aliter
1319 2761 1625 2825 explicant,
1649 2761 1903 2812 Crucem
1924 2764 2204 2812 nimirum
2218 2762 2422 2813 intelli-

223 2838 437 2895 genteS,
461 2848 595 2895 quae
616 2832 763 2883 mihi
783 2832 919 2884 sane
935 2835 1333 2896 interpretatio
1349 2832 1510 2884 haud
1525 2832 1820 2896 probatur,
1842 2832 1936 2883 sed
1951 2833 2306 2896 probabilior
2322 2834 2422 2884 esse

223 2903 467 2962 videtur,
501 2910 560 2954 vt
593 2904 668 2955 ad
699 2903 1015 2967 gloriosum
1047 2903 1149 2968 filij
1187 2904 1300 2954 Dei
1331 2903 1456 2954 Iesu
1487 2903 1695 2955 Christi
1729 2904 2054 2955 aduentum
2086 2903 2422 2962 referamuS,

224 2972 422 3024 Tuum
443 2980 505 3025 ut
527 2975 695 3026 nobis
717 2977 1053 3025 comunices
1074 2975 1347 3026 iuditium
1369 2974 1619 3034 obsecre,
1647 2981 1771 3026 vtut
1799 2981 1897 3034 est,
1926 2990 2048 3026 non
2070 2977 2174 3025 erit
2199 2975 2308 3041 ἄση
2318 2992 2423 3041 μον

225 3043 364 3106 (11110
385 3044 583 3109 figno).
606 3046 684 3096 VI
706 3045 867 3096 Febr.
892 3046 1152 3097 LXXIII.

749 3161 868 3220 EX
899 3161 1243 3220 LITERIS
1270 3160 1568 3231 TERTIJ
1599 3160 1897 3220 AMICI.

294 3250 529 3302 Amabo
550 3258 604 3302 te
628 3251 690 3314 (11
710 3251 811 3303 tibi
831 3259 1062 3316 gratum
1084 3252 1188 3315 est)
1211 3252 1324 3303 hoc
1346 3251 1518 3316 officij
1545 3267 1722 3315 quem
1743 3267 2007 3303 amorem
2031 3254 2419 3315 pietatemque

223 3328 494 3373 mutuam
516 3325 850 3374 excitemus.
880 3323 1126 3387 Expedit
1148 3326 1322 3383 enim,
1351 3326 1471 3374 imo
1493 3338 1633 3373 vero
1654 3322 2020 3386 summopere
2048 3322 2418 3372 necessarium

2336 3397 2417 3441 est
