2678 4069
701 297 1369 353 PROLEGOMENA
1399 303 1792 356 EDITORIS
2181 306 2346 356 XXV

159 436 349 478 exilem
369 434 623 485 habebat;
648 439 798 477 erant
812 448 939 478 vero
956 442 1214 490 praeterea
1236 440 1440 483 rimulae
1464 443 1580 484 aliae
1601 446 1706 484 tres
1721 443 1853 485 inter
1868 447 2043 485 cetera
2063 444 2162 485 tria
2184 445 2348 486 latera

158 510 209 549 et
229 517 423 560 parvas
445 506 706 558 quasdam
726 505 917 548 fibulas
939 518 1003 549 ex
1024 510 1238 552 metallo
1261 510 1445 562 factas,
1463 525 1581 565 quae
1597 514 1638 555 si
1654 514 2020 564 movebantur,
2037 514 2348 556 rimularum

158 576 455 619 latitudines
486 576 554 618 ad
583 576 996 630 magnitudinem
1026 579 1191 621 stellae
1223 584 1622 625 accommodari
1653 588 1907 637 poterant.
1939 585 2018 626 Ad
2047 585 2348 627 ulteriorem

158 658 286 690 vero
308 646 697 689 extremitatem
718 647 912 700 regulae
928 648 1094 690 altera
1109 650 1305 692 lamina
1321 654 1579 704 quadrata
1596 659 1722 703 erat,
1740 655 1973 709 ejusdem
1989 656 2142 708 plane
2158 656 2351 709 magni-

157 717 350 760 tudinis
371 729 434 760 ac
456 717 599 771 prior
618 717 721 759 illa.
740 716 768 767 J
772 729 861 759 am
881 718 924 759 si
944 719 1109 769 stella,
1134 720 1387 763 adversus
1409 735 1568 775 quam
1592 725 1996 767 instrumentum
2018 726 2348 779 dirigebatur,

157 789 258 831 tria
278 789 445 831 latera
465 787 679 830 laminae
703 787 986 841 superioris
1009 792 1223 844 tangere
1247 793 1668 846 conspiciebatur
1691 799 1741 836 et
1764 807 1856 848 per
1877 796 2121 837 rimulam
2144 796 2348 845 exilem,

160 871 280 914 quae
310 859 551 913 proxime
577 859 813 913 regulam
841 858 892 900 in
919 858 1006 900 illa
1027 858 1169 902 facta
1193 866 1320 912 erat,
1345 865 1648 916 apparebat,
1672 870 1871 907 rectam
1894 867 2085 908 lineam
2109 868 2173 909 ab
2197 868 2350 909 oculo

159 941 255 973 suo
278 930 346 972 ad
365 930 574 972 stellam
595 930 830 983 regulam
851 929 1084 972 indicare
1106 931 1435 976 observatori
1457 935 1748 977 constabat.
1773 937 2012 978 Ceterum
2039 949 2133 990 pro
2156 938 2352 979 lamina

161 1000 431 1054 superiore
446 999 714 1053 cylindrus
734 1011 931 1053 parvus
952 1011 1095 1054 saepe
1118 1002 1480 1053 adhibebatur,
1499 1005 1585 1057 qui
1600 1005 1651 1046 in
1667 1007 1881 1049 armillis
1898 1008 1964 1049 ad
1980 1011 2219 1049 centrum
2241 1008 2352 1049 axis

161 1070 542 1121 collocabatur,
559 1081 683 1113 cum
698 1070 997 1124 pinnacidia
1012 1072 1248 1114 ocularia
1263 1075 1553 1116 secundum
1570 1076 1793 1118 circulos
1810 1078 2001 1120 divisos
2017 1078 2219 1120 moveri
2240 1090 2354 1131 pos-

161 1145 291 1185 sent.
310 1142 440 1184 Cum
456 1141 543 1184 Sol
566 1141 967 1192 observabatur,
984 1141 1341 1195 pinnacidium
1357 1146 1594 1198 superius
1609 1157 1731 1188 cum
1748 1148 1849 1190 alio
1867 1149 2097 1200 quodam
2121 1160 2354 1190 commu-

160 1213 388 1264 tabatur,
405 1213 548 1266 quod
568 1212 813 1254 foramen
834 1213 1080 1267 exiguum
1100 1214 1152 1255 in
1173 1215 1347 1257 medio
1370 1215 1615 1267 habebat,
1632 1229 1724 1270 per
1746 1219 1885 1270 quod
1900 1219 1951 1259 in
1966 1219 2219 1261 circulum
2242 1232 2355 1273 par-

162 1296 306 1334 vum,
323 1284 410 1337 qui
424 1284 476 1326 in
491 1283 666 1326 medio
688 1284 988 1337 pinnacidio
1002 1284 1249 1327 inferiore
1264 1290 1391 1336 erat,
1409 1287 1586 1329 lumen
1602 1288 1841 1338 cadebat,
1860 1300 1920 1330 ac
1938 1301 2001 1331 ne
2016 1290 2104 1331 lux
2120 1291 2352 1343 dispersa

161 1355 540 1408 impedimento
556 1358 707 1405 esset,
724 1354 856 1396 radii
877 1354 1010 1397 Solis
1026 1366 1145 1408 »per
1160 1357 1448 1407 canalem«,
1462 1358 1491 1398 i.
1510 1369 1552 1400 e.
1570 1370 1662 1411 per
1675 1359 1875 1409 tubum,
1894 1360 2083 1402 adduci
2097 1361 2349 1402 solebant.

222 1427 540 1480 Permagnus
561 1429 675 1468 erat
695 1437 947 1468 numerus
967 1426 1454 1478 instrumentorum,
1472 1440 1591 1481 quae
1606 1429 1785 1482 Tycho
1807 1429 1878 1471 ita
1899 1430 2190 1472 labentibus
2207 1431 2353 1472 annis

165 1496 473 1547 construxit,
491 1500 649 1550 atque
670 1496 732 1547 ei,
749 1497 837 1550 qui
858 1508 971 1539 rem
991 1508 1099 1540 non
1119 1498 1323 1551 penitus
1344 1500 1680 1552 perspexerit,
1698 1501 1847 1553 longe
1868 1501 2201 1553 paucioribus
2216 1501 2354 1542 idem

162 1567 376 1610 efficere
396 1567 628 1622 potuisse
650 1570 807 1621 atque
829 1568 991 1610 animi
1011 1569 1184 1611 solum
1206 1569 1533 1622 luxuriaeque
1549 1582 1711 1612 causa
1725 1574 1801 1612 tot
1815 1571 2168 1612 instrumentis
2185 1572 2357 1613 obser-

161 1638 368 1682 vatoria
388 1650 485 1681 sua
506 1639 803 1692 complesse
823 1639 1045 1681 forsitan
1065 1639 1320 1681 videatur.
1338 1640 1404 1681 At
1418 1640 1489 1682 ita
1505 1652 1617 1682 rem
1633 1652 1747 1683 sese
1763 1653 1868 1683 non
1883 1641 2078 1683 habere
2100 1642 2251 1683 facile
2273 1654 2357 1694 ap—

162 1713 328 1764 paret,
356 1709 400 1752 si
426 1710 541 1763 quis
569 1709 967 1752 observationes
996 1710 1105 1765 ejus
1133 1714 1471 1764 perscrutans
1499 1712 1728 1754 rationes
1756 1713 1864 1766 ejus
1893 1713 2207 1754 observandi
2232 1716 2358 1753 tem-

162 1792 291 1835 pore
310 1784 670 1823 commutatas
691 1793 805 1823 esse
825 1780 1087 1835 intellegit,
1103 1780 1175 1823 ita
1195 1785 1252 1823 ut
1273 1783 1523 1824 nonnulla
1544 1782 1889 1824 instrumenta
1910 1783 1961 1824 in
1981 1795 2077 1824 usu
2099 1794 2211 1824 esse
2233 1783 2359 1824 desi—

163 1855 360 1894 nerent.
383 1852 546 1894 Annis
567 1864 598 1894 a
624 1852 734 1894 1577
751 1853 818 1894 ad
838 1851 964 1902 1580,
982 1863 1106 1894 cum
1129 1852 1521 1907 Uraniburgum
1543 1854 1923 1903 exstruebatur,
1947 1865 2052 1895 non
2072 1855 2251 1895 multae
2274 1854 2360 1895 ob-

164 1922 493 1966 servationes
514 1922 673 1966 factae
694 1926 828 1965 sunt.
846 1923 920 1964 Ex
940 1922 1044 1965 hoc
1061 1934 1188 1965 vero
1209 1926 1451 1977 tempore
1467 1924 1614 1973 Solis,
1633 1936 1790 1977 quem
1813 1928 1967 1966 antea
1989 1924 2232 1966 brevibus
2253 1928 2361 1965 tan-

162 1997 276 2036 tum
302 1994 557 2048 temporis
584 1994 763 2048 spatiis
783 1994 966 2047 Tycho
998 1994 1393 2045 observaverat,
1418 1995 1745 2037 altitudinem
1776 1995 2123 2036 meridianam
2153 2006 2361 2047 semper

165 2064 401 2107 crebrius
422 2065 710 2116 dimetitur3
740 2066 1076 2119 planetarum
1098 2076 1160 2107 ac
1182 2065 1411 2106 fixarum
1434 2066 1706 2108 distantias
1729 2066 1794 2107 ab
1819 2066 1929 2107 aliis
1951 2066 2109 2107 stellis
2131 2077 2222 2118 per
2243 2065 2362 2106 Sex-

163 2138 366 2178 tantem
388 2135 728 2190 chalybeum,
746 2136 1044 2178 altitudines
1066 2139 1224 2189 atque
1247 2136 1517 2178 azimutha
1538 2148 1632 2190 per
1653 2137 1972 2190 quadrantes
1989 2136 2265 2178 dimetitur.
2284 2135 2360 2176 Ab

167 2218 306 2249 anno
333 2206 439 2249 1581
464 2207 862 2250 observationes
885 2206 1217 2249 altitudinum
1240 2206 1654 2249 meridianarum
1675 2219 1885 2261 semper
1906 2207 2196 2249 crebriores
2216 2207 2360 2255 fiunt,

166 2288 230 2320 ac
251 2281 372 2331 post
390 2278 625 2332 Aprilem
646 2289 886 2320 mensem
914 2277 1037 2320 anni
1062 2277 1173 2319 1582
1200 2278 1472 2320 azimutha
1498 2290 1651 2331 paene
1679 2279 1893 2321 omnino
1917 2281 2250 2320 evanescunt.
2274 2278 2363 2318 Eo-

167 2349 290 2392 dem
319 2353 561 2403 tempore
581 2349 906 2403 Tychonem‚
935 2349 979 2391 si
1011 2349 1217 2392 duobus
1248 2348 1532 2403 horologiis
1562 2349 1716 2391 simul
1746 2353 1993 2399 uteretur,
2023 2353 2222 2391 certam
2250 2360 2363 2390 sese

167 2420 422 2474 temporis
436 2420 812 2464 indicationem
829 2420 1047 2474 adipisci
1061 2431 1218 2474 posse
1234 2420 1597 2473 desperavisse
1612 2420 1874 2471 videmus;
1898 2420 2210 2473 quotidianis
2226 2420 2363 2461 enim

171 2490 304 2533 Solis
335 2502 430 2544 per
461 2491 815 2533 meridianum
847 2491 1097 2533 transitus
1131 2491 1618 2545 comparationibus
1651 2491 1750 2532 tria
1783 2503 1878 2532 sua
1909 2490 2182 2544 horologia
2213 2502 2368 2532 cursu

171 2561 477 2614 quotidiano
503 2561 807 2604 incredibile
838 2566 1095 2616 quantum
1125 2562 1426 2615 discrepare
1452 2562 1794 2604 intellexerat.
1819 2562 1948 2603 Cum
1977 2561 2370 2603 observationes

172 2643 384 2686 semper
397 2635 728 2687 augerentur,
745 2645 909 2686 quare
924 2645 1177 2687 magnum
1196 2633 1527 2675 »Sextantem
1547 2633 1887 2687 trigonicum«
1907 2631 2243 2674 exaedificare
2259 2632 2368 2685 jam

170 2702 265 2745 fuit
294 2703 669 2754 necessarium,
693 2703 1040 2746 instrumenta
1070 2703 1306 2746 stabilius
1337 2703 1556 2746 fundata
1587 2703 1861 2757 efflagitari
1889 2702 2149 2756 apparuit;
2185 2702 2371 2744 exaedi-

170 2774 363 2817 ficatur
387 2775 567 2828 ingens
592 2774 898 2825 »Quadrans
919 2775 1182 2825 muralis«,
1215 2774 1403 2817 deinde
1433 2775 1834 2828 Stellaeburgum
1866 2785 1988 2816 cum
2020 2773 2245 2826 quinque
2267 2772 2371 2813 suis

154 2844 545 2892 instrumentis.
563 2846 716 2888 Anno
736 2845 847 2888 1585
862 2857 1074 2888 summa
1090 2846 1356 2888 rationum
1373 2845 1691 2888 observandi
1705 2844 1969 2898 Tychonis
1986 2844 2226 2885 absoluta
2243 2846 2368 2884 erat.

171 2915 512 2958 Altitudinem
552 2916 685 2959 Solis
723 2917 1073 2959 meridianam
1114 2920 1363 2969 quattuor
1395 2917 1477 2958 vel
1512 2916 1739 2969 quinque
1773 2916 1854 2957 vel
1888 2926 1980 2957 sex
2018 2913 2371 2955 instrumentis

172 2986 516 3040 persequitur,
534 2987 941 3030 declinationem
962 2999 1056 3041 per
1075 2987 1321 3029 Armillas
1342 2987 1606 3028 maximas
1628 2986 1907 3028 dimetitur.
1927 2986 2132 3026 Lunam
2154 2984 2204 3025 in
2227 2984 2369 3025 omni

172 3057 392 3111 periodo
425 3069 520 3111 per
550 3061 721 3100 totum
756 3059 950 3100 caelum
986 3058 1194 3100 assidue
1229 3057 1573 3111 persequitur,
1605 3056 1729 3098 item
1758 3067 1942 3098 omnes
1975 3056 2234 3108 planetas;
2269 3054 2374 3095 alti-

172 3128 380 3170 tudines
406 3128 727 3171 meridianas
754 3140 847 3182 per
875 3141 1039 3170 unum
1061 3129 1144 3170 vel
1167 3128 1300 3170 duos
1322 3128 1656 3181 quadrantes,
1681 3126 1952 3169 distantias
1975 3138 2005 3166 a
2026 3126 2173 3167 stella
2197 3125 2370 3176 aliqua

174 3197 282 3240 fixa
297 3201 348 3240 et
363 3198 686 3241 differentias
703 3199 1073 3242 ascensionum
1089 3202 1357 3240 rectarum
1373 3210 1466 3251 per
1488 3198 1721 3239 armillas
1743 3197 2022 3238 dimetitur.
2039 3197 2170 3237 Ante
2194 3194 2370 3236 omnia

177 3268 590 3320 observationes,
614 3281 735 3322 quae
764 3281 859 3323 per
888 3269 1124 3311 armillas
1154 3269 1368 3318 fiebant,
1402 3269 1716 3322 angulorum
1748 3266 2010 3309 horalium
2045 3265 2375 3318 quarundam

177 3350 241 3380 ex
268 3339 600 3382 lucidissimis
628 3340 802 3390 stellis,
827 3353 1052 3393 quarum
1082 3341 1200 3382 loca
1231 3339 1428 3392 optime
1457 3343 1581 3381 nota
1605 3342 1769 3386 erant,
1792 3338 1843 3379 in
1866 3338 2043 3378 locum
2067 3334 2379 3376 successisse

326 3422 394 3463 (D)
