2678 4069
97 1073 138 1108 lo

99 1428 139 1462 15

97 1782 141 1816 20

84 1852 165 1893 15ν

99 2138 143 2172 25

101 2492 146 2526 30

104 2847 148 2881 35

94 3199 170 3241 16Γ

598 284 711 335 DE
739 284 1257 336 DISCIPLINIS
1284 283 1964 335 MATHEMATICIS
2286 284 2376 334 169

185 432 322 485 erat,
357 424 649 484 laborarit,
684 425 833 475 adeo
863 432 926 475 ut
955 425 1009 475 se
1039 428 1100 475 in
1131 425 1469 477 coenobium
1499 426 1798 489 quoddam
1828 428 1979 476 circa
2007 425 2162 475 idem
2192 427 2377 475 aetatis

183 504 414 560 tempus
447 495 714 546 abdidisse
747 495 987 553 dicatur,
1021 496 1408 547 nihilominus
1442 497 1651 547 eodem
1683 511 1858 555 ann0‚
1891 511 2009 558 quo
2036 493 2377 559 praedictum

184 566 388 626 fuerat,
410 565 541 617 fatis
557 567 832 625 concessit,
852 572 915 616 ut
929 565 1000 615 fic
1015 569 1076 616 in
1091 570 1327 630 proprio
1344 582 1601 630 corpore,
1624 566 1890 629 adeoque
1905 568 2024 616 vita
2038 568 2164 629 ipsa
2178 566 2376 616 Astro-

183 637 354 702 logiae
382 637 787 688 certitudinem
814 643 1084 700 expertus
1111 636 1298 696 fuerit,
1327 653 1507 700 quam
1533 639 1768 700 ingenio
1796 644 1849 687 et
1877 637 2104 688 calamo
2129 636 2376 687 labefac-

184 716 306 759 tare
321 707 628 759 nitebatur.
649 707 908 758 Plurima
924 708 1213 770 ejusmodi
1230 707 1497 771 exempla
1511 710 1573 757 in
1587 715 1860 771 promptu
1871 707 2014 767 sunt,
2027 707 2127 757 ubi
2138 707 2376 770 praedic-

184 782 372 830 tiones
410 778 706 829 solertium
740 784 794 828 et
827 777 1027 828 crebra
1060 780 1419 841 experientia
1450 778 1900 828 informatorum
1932 778 2378 841 Astrologorum

184 848 590 913 praedic'tiones
620 864 743 899 non
771 851 963 899 irritos
992 847 1252 899 habuere
1284 856 1551 899 euentus:
1586 849 1716 899 licet
1749 864 1870 899 non
1900 848 2164 908 diffitear,
2199 864 2378 911 quam

185 920 471 984 plurimos
499 922 693 978 etiam,
725 921 826 982 qui
845 918 900 969 se
921 934 1027 982 pro
1049 918 1261 969 talibus
1281 920 1595 978 venditant,
1626 922 1746 969 imo
1778 918 2031 970 crebrius
2059 935 2239 982 quam
2265 934 2378 970 coe-

185 998 357 1051 terOS,
379 991 528 1041 falsa
547 1005 654 1054 pro
675 992 827 1040 veris
847 992 1175 1040 vaticinari:
1199 990 1357 1052 quod
1377 996 1575 1040 tamen
1596 1005 1717 1040 non
1732 991 1859 1040 Arti
1880 997 2001 1040 tam
2021 989 2303 1049 abstrusae,
2326 996 2379 1039 et

187 1062 227 1113 fi
241 1065 346 1113 rite
363 1068 717 1121 exerceatur,
739 1067 914 1124 atque
929 1062 1082 1111 intra
1096 1060 1228 1110 suos
1242 1063 1523 1110 terminos
1538 1059 1892 1120 cohibeatur,
1914 1063 2130 1111 nonita
2143 1059 2378 1119 vitiosae,

187 1140 362 1196 atque
385 1135 774 1183 communiter
794 1131 1060 1191 habetur,
1088 1131 1501 1194 imputandum
1521 1134 1727 1181 merito
1748 1134 1921 1190 venit,
1950 1131 2050 1181 sed
2076 1133 2268 1194 potius
2292 1133 2378 1194 ijs,

188 1207 289 1268 qui
305 1219 376 1255 ea
389 1219 511 1254 non
526 1205 631 1254 rite
648 1202 698 1253 &
714 1200 1118 1265 circumspecte
1133 1208 1387 1252 Vtuntur.
1410 1202 1535 1251 Imo
1552 1202 1782 1260 addam,
1805 1201 1855 1251 8(
1870 1217 1974 1264 pro
1990 1201 2096 1261 his,
2120 1204 2219 1264 qui
2235 1217 2379 1251 non—

188 1290 499 1338 nunquam
516 1274 788 1325 aberrant
811 1273 906 1336 (ne
921 1273 980 1323 id
995 1275 1104 1323 arti
1118 1271 1443 1334 tribuatur),
1466 1272 1760 1335 quiddam,
1784 1272 1941 1335 quod
1957 1272 2381 1322 Paradoxicum

188 1345 333 1396 forte
355 1345 559 1396 haberi
579 1345 759 1409 possit:
783 1359 900 1404 eOS,
924 1346 1025 1407 qui
1045 1343 1221 1394 semel
1241 1349 1416 1406 atque
1437 1345 1663 1402 iterum,
1686 1342 1783 1393 uel
1804 1342 2110 1405 aliquoties
2130 1345 2265 1393 certi
2280 1341 2380 1392 ali-

191 1417 346 1480 quid,
370 1415 567 1480 quoad
587 1423 921 1479 temporum
943 1421 996 1465 et
1017 1420 1341 1465 euentuum
1356 1413 1824 1472 circumstantia8‚
1846 1416 1926 1463 ita
1940 1419 2002 1463 ut
2016 1412 2168 1471 hinc,
2192 1420 2245 1463 et
2261 1428 2382 1462 non

190 1488 429 1539 aliunde
461 1487 520 1538 id
552 1486 864 1550 praevisum
897 1492 951 1536 et
984 1486 1230 1536 euenisse
1264 1484 1490 1544 constet,
1530 1484 1919 1547 praedixerint,
1956 1483 2086 1547 plus
2118 1483 2381 1547 probare,

189 1558 587 1622 Astrologiam
612 1573 735 1608 non
761 1572 974 1620 parum
999 1558 1256 1607 veritatis
1283 1554 1518 1614 habere,
1550 1570 1730 1617 quam
1756 1554 1795 1604 fi
1821 1554 1904 1604 illi
1931 1556 2056 1617 ipsi,
2086 1554 2180 1604 vel
2207 1556 2383 1604 etiam

191 1629 287 1694 alij
321 1629 506 1680 multo
541 1631 757 1692 saepius
789 1627 931 1679 falsa
962 1627 1157 1678 rursus
1186 1628 1485 1678 vaticinati
1517 1625 1750 1676 fuerint:
1784 1624 1964 1675 veluti
1999 1625 2082 1687 (ut
2115 1624 2382 1687 exemplo

192 1701 453 1764 quodam
478 1700 536 1751 id
563 1699 762 1764 palam
791 1697 1146 1760 reddamus),
1177 1697 1218 1748 fi
1247 1700 1378 1761 quis
1408 1696 1771 1747 Medicinam
1802 1711 2075 1746 exercens
2104 1697 2166 1745 in
2195 1694 2383 1745 morbi

192 1778 347 1822 certo
381 1771 642 1835 quodam
674 1785 884 1835 genere
918 1776 1045 1820 rata
1078 1769 1353 1832 quaedam
1386 1767 1655 1818 habuerit
1688 1768 2100 1830 experimenta,
2135 1781 2268 1828 quae
2301 1765 2385 1815 illi

191 1842 351 1894 malo
372 1849 435 1893 ut
455 1841 778 1906 plurimum
799 1836 819 1908 ΙΙ
839 1840 1190 1900 succurrant,
1218 1842 1280 1889 in
1307 1838 1437 1903 alijs
1464 1853 1608 1888 uero
1635 1837 1784 1887 nihil
1811 1836 2098 1887 eiusmodi
2124 1839 2205 1886 ita
2231 1842 2384 1886 certo

193 1915 554 1977 compererit,
583 1919 636 1963 et
662 1911 1049 1962 nihilominus
1077 1912 1319 1974 quosuis
1345 1908 1583 1960 morbos
1604 1908 1678 1959 ad
1699 1908 1752 1958 se
1775 1907 1996 1958 delatos
2017 1922 2218 1957 curare
2239 1921 2382 1969 prae-

191 1984 463 2043 sumserit,
491 1986 540 2034 is
561 1981 757 2047 cer[te]
782 1983 925 2033 dum
944 1982 1002 2033 id
1024 1997 1222 2046 genuS‚
1247 1983 1309 2031 in
1331 1996 1449 2044 quo
1473 1980 1715 2031 euidens
1737 1978 1976 2041 aliquod
1997 1977 2384 2028 medicamen-

191 2063 333 2116 tum,
366 2053 737 2118 indubitat[a]
774 2055 1133 2117 experientia
1165 2052 1626 2115 comprobatum,
1662 2049 2012 2113 applicando
2045 2064 2150 2112 pro
2177 2050 2386 2112 majori

193 2134 356 2191 parte
383 2125 666 2190 profligat,
695 2125 1013 2176 Medicinae
1041 2123 1302 2187 aliquam
1326 2123 1532 2173 Artem
1559 2122 1678 2180 esse,
1708 2120 2075 2183 eandemque
2101 2133 2385 2177 veracem,

194 2198 326 2262 plus
345 2196 568 2261 probat,
598 2195 824 2260 qua[m]
847 2195 887 2246 fi
907 2198 969 2246 in
989 2194 1120 2259 alijs
1141 2192 1457 2253 affectibus
1479 2192 1577 2243 vbi
1596 2191 1857 2242 remedia
1876 2206 1979 2254 per
1999 2191 2388 2254 ignorantiam

195 2268 431 2335 adhibet
459 2268 510 2318 &
539 2266 755 2332 [lon]ge
783 2269 999 2330 saepius
1026 2265 1277 2324 fallatur,
1307 2264 1558 2316 eandem
1576 2265 1866 2326 vituperio
1889 2264 2140 2325 exponit.
2168 2260 2389 2311 Verum

196 2342 501 2391 enimuero
521 2338 651 2390 haec
673 2345 726 2389 et
745 2337 931 2388 multo
952 2337 1139 2401 plura,
1168 2351 1301 2399 quae
1323 2351 1429 2399 pro
1450 2334 1784 2398 Astrologia
1805 2340 2007 2383 contra
2028 2334 2152 2382 eius
2174 2346 2388 2395 oppug-

195 2418 431 2462 natores
452 2409 799 2461 defensionis
821 2409 1007 2459 caussa
1027 2407 1241 2459 adferri
1260 2407 1498 2470 possunt,
1523 2421 1646 2456 non
1668 2404 1757 2463 est,
1781 2403 1938 2467 quod
1960 2404 2253 2466 quispiam
2275 2403 2389 2451 exi-

196 2484 402 2541 stimet,
433 2496 528 2531 me
557 2487 867 2544 propterea
895 2482 956 2529 in
985 2479 1248 2530 medium
1276 2477 1581 2541 protulisse,
1613 2475 1771 2539 quod
1800 2474 1938 2525 huic
1964 2472 2392 2536 vati[ci]natrici

195 2568 317 2617 prae
345 2554 574 2604 coeteris
600 2549 993 2615 philosophiae
1020 2549 1283 2613 partibus
1307 2548 1629 2612 plurimum
1651 2546 1920 2605 tribuam,
1950 2543 2094 2608 au[t]
2125 2559 2257 2594 eam
2278 2550 2390 2593 stu-

197 2623 366 2675 diofis
395 2622 875 2674 Adolescentibus
907 2620 1222 2684 impenfius
1255 2618 1729 2671 commendatam
1760 2616 1953 2676 velim,
1988 2616 2089 2666 sed
2122 2616 2261 2678 quia
2292 2613 2392 2663 illa

196 2710 319 2758 prae
335 2696 564 2746 coeteris
578 2692 1018 2744 Mathematum
1031 2690 1309 2742 membris
1326 2690 1489 2753 (nam
1504 2696 1558 2740 et
1572 2688 1701 2739 haec
1717 2687 1790 2738 ob
1806 2688 2219 2744 Astronomiae,
2236 2684 2391 2735 unde

198 2765 500 2829 dependet,
517 2763 878 2823 affinitatem,
892 2769 1021 2814 utut
1034 2778 1141 2826 pro
1156 2763 1368 2813 maiori
1381 2767 1544 2824 parte
1559 2758 1793 2824 physica
1806 2758 1884 2818 fit,
1898 2756 2202 2808 referenda
2212 2753 2390 2815 venit)

199 2836 272 2888 ab
294 2836 532 2887 eruditis
553 2835 699 2886 alias
719 2837 858 2885 viris
878 2835 1136 2885 maxime
1157 2835 1220 2883 in
1241 2831 1486 2883 dubium
1506 2837 1761 2889 vocetur,
1784 2836 1958 2892 atque
1976 2828 2059 2878 illi
2074 2827 2254 2877 ferme
2270 2826 2391 2876 ubi—

200 2922 313 2971 que
347 2907 792 2965 contradicatur,
833 2907 959 2956 eius
991 2906 1384 2968 patrocinium
1416 2902 1789 2965 aliquatenus
1821 2898 2244 2962 suscipiendum
2277 2898 2391 2946 exi-

200 2980 452 3037 stimaui,
476 2984 649 3040 prout
671 2979 848 3027 etiam
868 2977 1136 3039 superius
1157 2976 1342 3038 innuj.
1374 2973 1586 3036 Neque
1609 2974 1785 3022 etiam
1804 2970 2002 3028 sentio,
2024 2968 2177 3019 hanc
2199 2968 2300 3017 esse
2323 2981 2393 3015 ex

199 3051 271 3113 ijs
291 3047 526 3108 artibuS,
550 3063 684 3111 quae
704 3046 934 3111 publice
956 3047 1150 3097 doceri
1171 3045 1435 3103 debeant,
1458 3050 1633 3106 atque
1649 3041 1923 3093 omnibus
1937 3040 2053 3090 fine
2070 3038 2391 3089 discrimine

201 3121 640 3178 communicari,
672 3118 773 3169 sed
801 3119 996 3181 potius
1026 3132 1161 3167 cum
1191 3113 1415 3167 delectu
1446 3113 1706 3177 quodam
1731 3114 2103 3176 ingeniorum
2129 3109 2311 3159 sobrie
2340 3113 2393 3156 et

201 3205 374 3254 parce
402 3188 920 3241 administrandam
947 3187 1167 3238 cense0.
1196 3182 1216 3253 ΙΙ
1243 3186 1455 3249 Neque
1483 3186 1642 3235 enim
1667 3198 1776 3234 nos
1802 3185 1978 3232 nimis
2009 3178 2261 3230 curiosos
2292 3178 2392 3227 esse

203 3267 428 3325 oportet
459 3263 520 3311 in
555 3262 626 3324 ijs
663 3259 980 3323 praesertim
1019 3255 1310 3316 doctrinis
1353 3271 1487 3319 quae
1520 3253 1993 3306 demonstrationi
2025 3257 2166 3301 ratae
2198 3250 2393 3299 minus

202 3338 416 3396 patent,
437 3330 532 3382 sed
552 3329 979 3381 inextricabiles
1001 3325 1295 3379 anfractus
1311 3326 1362 3377 8(
1377 3325 1722 3390 Labyrintos
1737 3322 1975 3374 subinde
1990 3321 2281 3371 insinuant
2295 3333 2391 3367 ne-

345 3414 389 3446 22
2280 3402 2391 3450 que
