2678 4069
772 322 1439 378 PROLEGOMENA
1467 328 1868 383 EDITORIS
2231 335 2415 386 XLIII

228 459 459 513 scipulus
479 459 758 512 Tychonis,
783 460 880 502 nisi
908 462 1049 514 quod
1069 463 1283 505 Terram
1313 465 1453 508 circa
1482 479 1636 509 axem
1663 481 1818 511 suum
1845 472 2043 514 revolvi
2072 474 2412 516 concedebat.

227 530 293 573 At
313 533 369 572 ut
392 541 535 583 saepe
556 529 630 580 fit,
652 529 694 572 si
716 529 830 583 quis
851 530 1176 575 intercedere
1198 538 1435 586 conatur,
1458 537 1580 579 nihil
1603 539 1949 582 admittebant
1970 541 2054 592 illi,
2079 543 2164 595 qui
2187 543 2414 596 partium

227 600 445 643 studiosi
467 603 631 642 erant.
649 600 1019 643 GALILAEUS
1042 603 1200 645 etiam
1223 605 1356 648 adeo
1380 619 1683 661 progressus
1699 614 1790 659 est,
1808 615 1864 652 ut
1878 611 1929 652 in
1944 615 2068 654 noto
2085 613 2170 655 illo
2186 612 2414 667 DIango

226 671 294 713 de
320 669 583 714 maximis
610 669 823 712 duobus
850 672 1190 725 systematiS,
1223 674 1556 720 Ptolemaico
1583 680 1743 732 atque
1770 680 2141 734 Coperm'cano
2161 684 2414 737 Tychoni-

226 754 349 785 cum
379 745 614 796 systema
644 753 709 784 ne
740 748 1190 786 commemoraret
1220 746 1447 798 quidem,
1477 761 1799 803 quamquam
1828 752 2096 795 affirmare
2117 754 2249 804 licet,
2274 755 2412 797 circa

225 826 423 856 annum
450 813 562 855 1630
591 813 791 855 nullum
816 813 1016 867 justum
1040 815 1273 868 judicem
1295 817 1416 860 huic
1438 821 1728 871 praetulisse
1749 823 2168 874 Ptolemaieurn¹;
2202 828 2251 867 et
2281 825 2333 867 in
2363 826 2415 867 li-

225 884 377 935 bello,
407 895 564 937 quem
596 881 1046 925 »Trutinatorem«
1076 890 1288 937 vocant,
1321 900 1424 940 quo
1457 892 1773 943 argumentis
1801 893 2078 945 Tychonis,
2113 895 2298 948 quibus
2330 908 2412 938 co-

223 958 381 998 metae
403 956 641 997 caelestes
663 965 777 996 esse
793 954 1308 1007 demonstrabantur,
1326 970 1535 1001 summa
1552 972 1650 1014 ope
1668 962 1974 1016 refragatur,
1993 966 2272 1008 occasione
2288 967 2410 1008 data

222 1026 398 1077 utitur,
431 1029 489 1067 ut
517 1029 753 1079 systema
785 1025 1149 1079 Tychonicum
1183 1028 1350 1070 obiter
1383 1031 1706 1085 perstringat.
1742 1033 1825 1074 Ait
1857 1034 2011 1085 enirn,
2051 1037 2216 1089 »apud
2256 1038 2412 1079 Ptole-

222 1109 421 1139 maeum
444 1100 494 1139 et
515 1096 865 1150 Copernicum
896 1108 1009 1139 esse
1039 1101 1274 1150 systema
1305 1100 1485 1142 mundi
1514 1101 1770 1156 integrum
1801 1116 2011 1147 summo
2040 1118 2160 1148 curn
2189 1107 2409 1150 artificio

222 1170 586 1211 constructum
616 1171 667 1210 et
695 1168 764 1210 ad
794 1167 956 1209 finem
986 1169 1318 1221 perductum,
1348 1172 1500 1224 quale
1533 1173 1654 1225 quid
1684 1174 1735 1215 in
1760 1174 1797 1215 T
1800 1175 2008 1227 ychone
2039 1176 2146 1230 ipse
2176 1179 2409 1219 nondum

220 1239 465 1282 videat«2.
491 1239 643 1281 Hanc
666 1239 1108 1282 obtrectationem
1129 1239 1511 1294 iniquissimam
1534 1243 1724 1286 acriter
1738 1247 2060 1299 propulsavit
2077 1248 2408 1291 KEPLERUS

219 1310 271 1354 in
298 1310 589 1365 appendice
617 1309 771 1352 libelli
797 1309 930 1352 illius
958 1311 1022 1353 de
1051 1311 1287 1361 cometis,
1311 1312 1398 1365 qui
1424 1313 1722 1356 inscribitur
1747 1314 2020 1368 Tychonis
2047 1317 2250 1359 Brahei
2268 1318 2412 1360 Dani

218 1379 670 1435 Hyperaspistes.
695 1381 753 1423 In
780 1380 1097 1424 memoriam
1124 1383 1412 1434 revocavit,
1436 1396 1554 1437 quae
1582 1385 1691 1438 ipse
1718 1386 1848 1429 libro
1877 1388 1940 1429 de
1970 1388 2139 1430 Marte
2160 1388 2260 1431 hac
2282 1389 2333 1430 in
2354 1401 2408 1431 re

219 1452 496 1503 effecisset,
514 1455 565 1494 et
586 1464 914 1506 quamquam
929 1451 1040 1506 ipse
1055 1463 1179 1494 curn
1195 1453 1486 1506 Copernico
1509 1467 1723 1508 prorsus
1745 1456 1986 1508 faciebat,
1998 1459 2193 1512 justitia
2214 1463 2407 1510 tamen,

219 1536 324 1577 qua
344 1523 577 1566 imbutus
598 1526 712 1566 erat
733 1523 942 1566 animus
962 1523 1073 1577 eJus
1094 1523 1362 1578 ingenuus,
1381 1513 1502 1566 eum
1525 1526 1662 1579 cogit
1683 1526 1779 1569 hos
1800 1527 2024 1581 impetus
2040 1531 2304 1582 repellere,
2323 1531 2407 1583 qui

218 1594 284 1637 ab
307 1594 522 1637 homine
542 1595 725 1637 illustri
746 1594 1122 1648 procedebant,
1141 1595 1288 1649 cujus
1304 1595 1426 1637 vitae
1447 1597 1678 1638 studium
1700 1598 1853 1651 plane
1875 1599 2138 1641 diversum
2161 1604 2287 1650 erat,
2306 1601 2410 1654 qui-

217 1677 318 1719 que
339 1677 446 1708 non
461 1665 587 1708 satis
603 1669 927 1720 cognoverat
942 1665 1327 1709 astronomiam
1344 1667 1796 1710 mathematicam.
1814 1669 2062 1712 Theorias
2079 1671 2406 1723 planetarum

218 1736 492 1790 Copernici
525 1738 594 1779 ad
625 1740 862 1791 systema
888 1737 1253 1791 Tychonicum
1286 1737 1512 1792 integras
1546 1738 1782 1781 adhiberi
1816 1740 2046 1793 potuisse
2079 1745 2235 1794 patet,
2269 1743 2408 1795 quod

216 1807 391 1862 ipsum
411 1808 722 1862 Tychonem
743 1809 795 1850 in
816 1807 1328 1862 Progymnasmatis
1348 1809 1388 1864 (Ι
1410 1821 1458 1862 p.
1481 1809 1586 1864 477)
1606 1810 1792 1852 fecisse
1814 1811 2068 1862 videmus,
2092 1812 2180 1853 ubi
2201 1813 2406 1855 Saturni

214 1879 479 1922 theoriam
501 1891 563 1923 eo
587 1880 804 1923 consilio
827 1880 1127 1931 adumbrat,
1150 1882 1206 1921 ut
1227 1880 1521 1922 maximam
1542 1882 1768 1934 planetae
1790 1894 1820 1923 a
1840 1882 1999 1924 Terra
2021 1882 2319 1925 distantiam
2341 1884 2410 1926 in-

214 1950 405 2002 veniat,
435 1963 540 2004 qua
565 1951 779 1994 inventa
811 1951 1050 1994 futurum
1077 1954 1206 2002 erat,
1235 1954 1292 1993 ut
1318 1951 1449 1994 fines
1476 1951 1630 1994 simul
1657 1953 1958 2005 systematis
1985 1954 2312 2006 planetarum
2340 1955 2408 1996 in-

214 2021 531 2064 venirentur.
557 2022 655 2065 Hic
677 2022 838 2064 utitur
858 2034 922 2065 ea
943 2022 1163 2073 ratione,
1188 2034 1349 2076 quam
1370 2022 1544 2065 verbis
1569 2034 1688 2076 »per
1715 2023 1936 2076 epicycli
1963 2010 2300 2077 epicyclium«
2327 2025 2408 2067 de-

213 2091 382 2147 signat
415 2093 757 2147 Copernicus3
798 2094 1009 2147 planeta
1043 2093 1183 2135 enim
1216 2093 1268 2135 in
1302 2093 1727 2136 circumferentia
1766 2094 1915 2148 parvi
1954 2094 2173 2148 epicycli
2206 2095 2407 2138 moveri

213 2163 437 2218 fingitur,
461 2164 604 2207 circa
634 2177 793 2219 quem
821 2165 1012 2207 eodem
1032 2164 1204 2218 spatio
1224 2164 1479 2218 temporis
1501 2164 1578 2207 bis
1600 2165 2018 2216 circumferatur,
2043 2178 2145 2219 quo
2168 2170 2407 2208 centrum

213 2234 366 2290 hujus
387 2235 610 2289 epicycli
630 2235 910 2279 circuitum
926 2235 1138 2277 alterius
1154 2235 1376 2289 epicycli
1392 2235 1607 2290 majoris
1624 2236 1910 2278 directione
1925 2237 2231 2291 retrograda
2246 2237 2407 2279 semel

213 2309 504 2359 percurrat.

343 2377 708 2431 Inquisitiones
716 2377 1056 2420 TYCHONIS
1073 2378 1138 2420 de
1154 2381 1488 2421 cometarum
1502 2378 1757 2420 distantiis
1773 2381 1823 2421 et
1837 2390 2035 2421 novum
2051 2379 2159 2433 ejus
2174 2381 2407 2431 systema

299 2465 320 2486 ο
342 2449 526 2492 mundi
552 2448 718 2503 magis
746 2461 908 2502 quam
935 2449 1188 2503 pleraque
1216 2449 1318 2491 alia
1344 2450 1517 2491 studia
1543 2450 1653 2504 ejus
1680 2450 1863 2503 vulgus
1892 2448 2166 2491 hominum
2189 2450 2408 2491 delecta-

212 2521 352 2564 bant.
376 2520 679 2563 Secundum
707 2520 947 2562 ordinem
975 2520 1188 2563 tenebat
1215 2521 1486 2574 catalogus
1513 2520 1622 2575 ejus
1649 2521 1934 2571 stellarum,
1958 2519 2044 2573 qui
2068 2519 2177 2573 ipse
2199 2531 2406 2573 quoque

212 2592 388 2646 aliqua
415 2603 480 2634 ex
507 2594 657 2645 parte
684 2592 881 2645 populo
909 2592 1119 2645 placere
1146 2594 1370 2645 poterat,
1400 2591 1495 2633 etsi
1523 2590 1993 2641 observationibus,
2018 2602 2148 2644 quas
2174 2590 2404 2640 instituit,

211 2664 378 2706 Lunae
413 2665 465 2705 et
495 2663 830 2716 planetarum
864 2663 1014 2716 longe
1044 2661 1259 2705 inferior
1291 2665 1383 2704 est.
1414 2662 1652 2705 Cassellis
1683 2665 1861 2704 autem
1887 2662 2050 2703 stellae
2077 2661 2199 2702 fixae
2226 2660 2405 2714 praeci-

209 2745 312 2788 pue
345 2733 782 2784 observabantur,
813 2744 977 2787 quare
1004 2744 1111 2776 non
1142 2733 1259 2784 illic,
1288 2733 1381 2776 sed
1410 2732 1723 2787 Uraniburgi
1757 2743 1897 2775 nova
1932 2731 2255 2774 astronomia
2286 2742 2405 2773 con-

209 2804 317 2847 dita
338 2807 430 2847 est.

270 2875 447 2918 Unum
475 2875 649 2918 solum
677 2876 978 2930 catalogum
1004 2876 1247 2918 locorum
1275 2875 1545 2917 stellarum
1573 2874 1800 2915 fixarum
1820 2874 1906 2915 illa
1927 2876 2058 2915 aetas
2084 2872 2400 2926 possidebat,

211 2957 368 3000 quem
383 2946 659 3000 praebebat
672 2945 1038 2988 PTOLEMAEI
1056 2944 1173 3000 Syn
1181 2945 1324 2988 taxis
1338 2947 1454 2999 plus
1471 2957 1632 2998 quam
1646 2945 1786 2986 mille
1802 2944 2085 2993 stellarum,
2104 2943 2205 2996 qui,
2225 2954 2402 2995 quam-

209 3029 372 3070 quam
386 3028 471 3059 res
486 3028 593 3060 non
609 3019 834 3068 constat,
852 3017 1083 3059 creditur
1098 3028 1213 3060 esse
1230 3015 1579 3059 HIPPARCHI
1596 3016 1881 3069 catalogus,
1901 3026 2057 3067 quern
2072 3013 2143 3055 ita
2164 3024 2401 3055 correxe-

208 3087 273 3130 rit
301 3088 632 3138 PtolemaeuS‚
662 3090 720 3129 ut
748 3088 1095 3142 longitudines
1126 3089 1194 3130 ad
1223 3099 1380 3130 suum
1410 3090 1618 3139 tempus
1649 3085 2099 3134 accommodaret,
2123 3094 2244 3125 cum
2271 3093 2400 3135 prae-

273 3207 283 3230 ¹
307 3206 367 3241 Cf.
384 3204 626 3242 CARTESII
649 3207 860 3251 Principia
876 3208 1162 3251 philosophiae
1184 3207 1240 3241 111
1267 3206 1413 3241 16—17.

265 3266 281 3290 ²
302 3264 369 3301 Sic
390 3265 664 3301 KEPLERUS
693 3266 783 3311 (Op.
805 3266 879 3300 VII
902 3267 986 3308 272)
1016 3265 1304 3309 interpretatus
1326 3268 1386 3299 est
1407 3263 1638 3299 GALILAEI
1659 3262 1801 3297 verba:
1828 3261 1909 3296 »de'
1931 3260 2044 3305 quali
2066 3260 2146 3294 due
2168 3258 2361 3293 abbiamo
2386 3257 2397 3290 i

206 3323 364 3359 sistemi
386 3324 454 3359 del
476 3325 638 3360 Mondo
659 3324 778 3360 interi
799 3335 821 3360 e
843 3335 922 3360 con
944 3335 1107 3360 sommo
1130 3323 1303 3359 artificio
1319 3322 1502 3358 costrutti
1524 3333 1544 3357 e
1567 3320 1748 3357 condotti
1764 3321 1802 3355 al
1819 3320 1915 3371 fine,
1932 3330 2028 3355 cosa
2044 3318 2150 3354 ch'io
2166 3328 2250 3352 non
2267 3327 2395 3360 veggo

206 3383 284 3418 che
304 3382 483 3418 Ticcone
505 3383 629 3418 abbia
650 3384 781 3419 satta«.
803 3384 850 3419 G.
867 3384 1096 3423 GALILEL
1117 3384 1151 3418 II
1171 3383 1424 3427 Saggiatore
1446 3382 1616 3422 (Romae
1641 3381 1744 3421 1623)
1766 3391 1802 3423 p.
1816 3380 1860 3413 25
1883 3378 1970 3419 (Ed.
1994 3388 2084 3411 naz.
2108 3377 2158 3410 VI
2181 3388 2217 3420 p.
2233 3376 2329 3415 232),

357 3454 445 3495 (F·)
