2678 4069
267 112 369 163 232
582 102 1158 157 HOROSCOPUS
1185 100 1607 151 PRINCIPIS
1635 99 2131 151 HULDARICI

266 255 327 301 in
352 250 550 311 lingua
576 242 595 312 ΙΙ
623 245 674 295 8(
699 242 935 306 loquela
964 244 1081 305 natj
1116 240 1360 300 efficere,
1390 240 1927 303 balbutientemque
1953 239 2047 290 vel
2073 255 2314 291 raucam
2342 241 2447 290 mi·
2479 249 2568 290 37v

266 333 452 370 nusue
475 315 802 378 expeditam
821 314 1362 376 pronuntiationem
1381 310 1715 375 significare,
1737 310 1831 361 vel
1844 310 2024 360 fimile
2041 311 2181 373 quid
2195 313 2257 360 in
2270 310 2450 361 fando

267 387 636 443 difficultatis;
659 400 695 434 a
716 399 833 446 qua
852 390 1050 434 tamen
1070 381 1190 444 post
1211 383 1266 433 17
1286 381 1404 432 suae
1426 384 1612 432 aetatis
1633 396 1875 440 annum,
1898 396 2029 431 cum
2054 383 2093 442 ζ(
2117 380 2192 432 ad
2212 390 2270 432 >4
2290 380 2449 431 Mar-

264 462 333 509 tis
353 458 632 520 pertingit,
655 454 886 504 liberari
906 455 1129 516 poterit.
1154 452 1380 503 Caueat
1400 451 1632 515 insuper
1647 467 1682 502 a
1696 450 2027 502 laefionibus
2042 453 2449 510 animantium,

264 527 575 592 praesertim
596 525 667 575 ab
691 527 871 587 equiS,
898 523 1145 587 alijsque
1166 522 1443 573 fimilibus
1465 522 1898 573 contusionibus
1924 528 2158 585 propter
2183 521 2219 585 b
2243 524 2305 572 in
2331 529 2364 575 z
2390 524 2452 571 in
2501 532 2522 565 5

264 599 418 649 sexta
450 596 650 647 laesum
682 611 718 646 a
758 598 804 652 d*
844 597 905 644 in
928 602 991 649 V
1015 593 1284 644 existente
1317 595 1379 643 in
1410 592 1541 643 loco
1573 592 1817 656 sublimj.
1857 593 2280 643 Verumtamen
2313 594 2452 655 quia

263 667 594 719 Ascendens
623 665 673 716 8(
701 667 739 726 (ζ
769 664 1104 728 principalis
1131 663 1346 726 apheta
1371 679 1494 714 non
1524 662 1863 713 inficiuntur
1892 662 2324 714 maleuolarum
2353 662 2450 714 ad-

264 738 436 789 uerfis
457 736 600 800 radij
608 752 649 795 S,
673 735 723 786 8(
744 738 805 785 in
824 734 1095 798 beneuolj
1123 739 1159 791 21
1184 732 1412 797 aspectu
1427 740 1601 797 atque
1617 733 1855 785 antiscia
1869 736 2253 797 reperiuntur,
2275 732 2450 784 solus-

264 824 375 872 que
392 807 490 859 Sol
503 807 880 857 Ascendentis
901 805 1175 856 dominus
1190 804 1344 855 male
1360 804 1609 855 afficitur
1624 807 1685 855 in
1699 804 1855 855 sexta
1870 804 2063 864 domo,
2084 807 2292 867 poterit
2306 819 2451 854 non-

263 893 569 941 nunquam
591 880 766 928 etiam
785 871 1104 943 prospe-ura
1125 875 1176 925 8(
1195 875 1326 926 satis
1348 875 1660 926 commoda
1673 875 1782 939 fruj
1801 874 2153 935 valetudine,
2175 874 2279 925 nifi
2294 874 2451 938 quod
2483 883 2565 925 38r

263 949 500 1000 occultis
521 947 870 1012 quibusdam
892 945 1294 998 affectionibus
1312 946 1406 996 vel
1425 945 1747 997 humorum
1768 945 2201 996 defluxionibus
2215 945 2451 1009 vtpluri-

261 1036 425 1071 mum
452 1020 741 1070 obnoxius
770 1020 895 1077 erit;
925 1017 1193 1068 conducit
1221 1019 1397 1068 etiam
1424 1016 1698 1067 nonnihil
1723 1016 1934 1067 sextilis
1962 1015 2220 1080 aspectus
2246 1018 2451 1067 vtrius-

263 1107 375 1154 que
389 1089 667 1141 beneficae
683 1089 756 1140 ad
771 1088 989 1139 sextam
1003 1088 1247 1138 domum
1263 1087 1313 1138 8(
1327 1090 1583 1151 priorem
1597 1087 1958 1139 maleuolam
1976 1086 2453 1151 significationem

262 1165 498 1225 mitigat.
526 1160 807 1211 Adhibita
831 1162 1028 1222 itaque
1054 1159 1212 1209 bona
1240 1158 1290 1208 8(
1317 1158 1571 1223 diligentj
1601 1158 1952 1209 valetudinis
1978 1156 2374 1221 prospectione
2402 1157 2453 1208 8(

263 1232 533 1283 adhibitis
560 1231 830 1294 remedijs
852 1246 950 1280 cor
970 1229 1432 1293 principaliaque
1453 1230 1718 1280 membra
1739 1228 2198 1280 confortantibus
2220 1228 2271 1279 8(
2292 1228 2450 1280 (1010-
2507 1239 2547 1272 15

262 1302 452 1353 rificas
484 1302 804 1353 humorum
837 1300 1200 1352 defluxiones
1233 1299 1682 1360 absumentibus‚
1719 1302 1927 1363 poterit
1959 1299 2112 1351 hanc
2144 1299 2453 1351 infaustam

262 1373 610 1425 valetudinis
631 1371 1015 1431 affectionem,
1042 1371 1083 1421 fi
1108 1387 1231 1422 non
1250 1371 1481 1434 prorsus
1503 1374 1807 1435 extirpare,
1834 1370 2034 1422 saltem
2057 1371 2254 1422 sedare
2276 1369 2327 1421 8(
2347 1372 2451 1421 mi-

261 1448 469 1495 tiorem
489 1443 744 1494 reddere.

332 1515 625 1578 Tempora
656 1529 813 1573 ver0,
853 1513 1064 1576 quibus
1103 1515 1368 1576 inprimis
1406 1513 1626 1564 morbis
1660 1512 1711 1563 8(
1743 1512 2183 1564 aduerfitatibus
2216 1514 2321 1563 erit
2354 1511 2452 1563 ob-

262 1588 491 1645 noxiuS,
522 1601 594 1636 ex
624 1583 1034 1636 direffitionibus
1064 1583 1468 1648 apheticorum
1498 1585 1765 1634 locorum
1792 1579 1811 1650 ΙΙ
1838 1583 2100 1647 superius
2129 1586 2191 1634 in
2219 1583 2349 1633 loco
2380 1582 2451 1634 de
2484 1591 2571 1633 38ν

262 1660 380 1708 vita
401 1658 870 1707 commemoratis
891 1658 1071 1718 repeti
1091 1656 1328 1718 possunt,
1354 1654 1566 1718 quibus
1586 1655 1627 1705 fi
1646 1653 2073 1718 profeffitionum
2094 1657 2271 1705 etiam
2290 1653 2452 1718 figni-

263 1727 564 1778 ficationes
589 1726 915 1777 maleuolas
942 1726 1384 1776 adiunxerimus
1413 1725 1709 1789 (quamuis
1737 1741 1943 1776 eorum
1970 1725 2232 1777 efficacia
2256 1727 2453 1776 minus

262 1798 458 1849 valida
479 1797 694 1860 existat)
718 1804 886 1848 erunt
906 1796 969 1847 hi
989 1799 1126 1860 annj
1153 1812 1223 1847 ex
1244 1795 1670 1859 profectionum
1685 1796 1942 1847 infaustis
1958 1795 2284 1847 occursibus
2298 1796 2452 1847 vale·
2541 1851 2544 1854 ,

262 1869 445 1932 tudinj
469 1871 665 1918 minus
687 1867 1002 1932 commodj:
1031 1868 1078 1918 3.
1102 1868 1149 1918 6.
1172 1868 1220 1918 9.
1244 1868 1315 1918 12.
1338 1868 1409 1919 15.
1433 1868 1504 1919 18.
1527 1868 1598 1918 21.
1621 1868 1705 1918 24.
1728 1868 1811 1919 27.
1834 1868 1918 1918 30.
1941 1867 2025 1918 33.
2048 1867 2131 1918 36.
2154 1867 2238 1918 39.
2260 1867 2344 1917 42.
2366 1867 2451 1918 45.

262 1940 346 1990 48.
368 1941 440 1990 51.
462 1940 546 1990 54.
573 1939 685 1989 His
708 1942 922 1989 etenim
943 1940 1114 1989 annis
1135 1938 1513 1989 Ascendentis
1535 1938 1586 1988 8(
1607 1941 1646 1999 ζ(
1670 1937 1948 2001 ρῐοῐεέίἰο
1970 1938 2044 1989 ad
2064 1938 2393 1989 maleuolos
2413 1937 2449 2001 b
2502 1948 2547 1981 25

264 2011 589 2073 Martisque
622 2009 815 2060 radios
847 2011 1130 2073 pertingit,
1170 2008 1345 2072 idque
1379 2025 1497 2072 quo
1531 2009 1605 2060 ad
1639 2011 1678 2070 (ζ
1715 2012 1866 2060 circa
1904 2009 2119 2060 horum
2158 2023 2454 2060 annorum

264 2080 520 2131 mensem
542 2087 830 2143 quartum,
852 2083 953 2143 qui
973 2082 1035 2130 in
1049 2080 1315 2143 Aprilem
1336 2081 1549 2140 incidit,
1573 2096 1690 2144 quo
1710 2080 1783 2131 ad
1798 2080 2133 2131 Ascendens
2147 2095 2287 2131 vero
2304 2082 2455 2130 circa

264 2151 521 2202 mensem
540 2151 862 2214 septimum,
890 2154 990 2214 qui
1011 2154 1073 2201 in
1093 2150 1309 2201 Iulium
1331 2151 1496 2211 cadit,
1523 2151 1617 2201 vel
1638 2154 1874 2202 circiter.
1908 2151 2096 2203 Caute
2117 2154 2314 2214 itaque
2334 2150 2453 2201 suae

265 2222 581 2285 valetudinj
612 2224 763 2273 circa
788 2222 917 2272 haec
943 2228 1209 2285 tempora
1234 2222 1555 2286 prospiciat,
1586 2222 1903 2286 praesertim
1931 2222 1971 2272 fi
2001 2222 2202 2286 aliqua
2228 2217 2248 2289 ΙΙ
2276 2221 2454 2273 male·
2488 2229 2569 2272 39r

266 2292 406 2343 uola
432 2291 667 2344 directio
693 2293 860 2343 fimul
887 2293 1193 2352 coincidat;
1225 2293 1371 2344 alias
1399 2296 1557 2343 enim
1589 2293 1685 2357 (vtj
1720 2292 1998 2356 diximus)
2029 2290 2456 2357 profedtionum
2506 2303 2552 2337 30

267 2362 526 2413 efficacia
551 2366 746 2414 minus
766 2363 961 2414 valida
990 2363 1078 2423 est,
1110 2363 1214 2413 nisi
1239 2363 1384 2414 forte
1412 2364 1485 2415 ab
1514 2363 1885 2415 inferioribus
1913 2364 2094 2415 caufis
2121 2363 2454 2414 stimuletur.

267 2433 373 2483 Per
399 2440 585 2484 totum
605 2449 743 2484 vero
771 2437 955 2485 aetatis
982 2434 1336 2485 curriculum
1364 2442 1530 2486 caute
1553 2434 1604 2485 8(
1626 2451 1759 2486 cum
1785 2435 2042 2499 legitimo
2063 2435 2165 2486 vsu
2190 2435 2456 2486 modera-

266 2506 540 2567 tioneque
570 2520 766 2555 rerum
795 2520 917 2555 non
945 2505 1321 2565 naturalium,
1354 2506 1473 2556 suae
1502 2506 1822 2570 valetudinj
1859 2506 2134 2566 consulat,
2169 2521 2303 2557 cum
2334 2512 2456 2557 tam

269 2574 562 2626 euidentia
588 2575 873 2638 fortiaque
901 2575 1113 2627 habeat
1139 2576 1481 2627 morborum
1509 2576 1560 2627 &
1586 2575 1817 2628 afflictae
1844 2577 2196 2628 valetudinis
2222 2576 2454 2636 indicia,

269 2644 320 2695 8(
348 2644 388 2695 fi
416 2644 561 2696 forte
590 2652 801 2696 natura
830 2646 949 2709 ipsa
977 2662 1079 2709 per
1108 2646 1356 2698 fistulam
1382 2648 1476 2698 vel
1503 2647 1620 2699 alia
1646 2650 1871 2699 ratione
1901 2646 2331 2699 emunctorium
2356 2647 2451 2711 fibj
2505 2657 2550 2691 35

267 2714 478 2775 fecerit,
505 2731 607 2779 per
634 2717 790 2779 quod
810 2716 864 2767 se
885 2733 921 2767 a
940 2717 1152 2768 vitiosis
1179 2717 1526 2769 humoribus
1551 2734 1872 2770 exonerare
1894 2719 2168 2779 intendet,
2195 2718 2270 2777 id,
2299 2720 2454 2781 quic-

269 2786 408 2849 quid
441 2789 560 2846 erit,
594 2802 715 2837 non
748 2787 821 2837 est
852 2794 1067 2838 temere
1101 2788 1583 2840 consolidandum
1614 2789 1708 2840 sed
1742 2796 1970 2841 naturae
2002 2788 2456 2853 permittendum

268 2856 506 2920 seipsam
527 2857 599 2908 ab
621 2873 797 2908 onere
820 2874 936 2921 quo
957 2866 1233 2922 grauatur
1256 2860 1518 2920 liberare,
1546 2867 1605 2911 vt
1626 2860 1736 2912 hac
1758 2863 1983 2911 ratione
2005 2860 2280 2911 valetudo
2303 2859 2354 2910 8(
2374 2859 2455 2910 sa-

269 2929 418 2978 nitas
440 2931 696 2991 corporis
718 2944 788 2978 eo
809 2928 1018 2979 melius
1039 2930 1370 2981 conseruari
1391 2934 1615 2994 poterit.
1639 2927 1659 2998 ΙΙ

2081 3213 2455 3263 SECVNDA
