2678 4069
726 290 1396 343 PROLEGOMENA
1425 290 1825 343 EDITORIS
2236 292 2375 343 XXI

181 428 295 483 ipso
329 430 662 472 constructos
694 429 846 483 longe
878 430 1212 483 praeferebat‚
1247 431 1513 485 praecipue
1545 443 1672 474 vero
1706 432 1838 474 duos
1871 431 1985 474 illos
2017 443 2254 486 magnos,
2289 433 2377 486 qui

181 498 508 553 Stellaeburgi
522 498 739 541 instituti
753 503 917 542 erant.
941 500 1179 550 Quorum
1196 503 1341 551 alter,
1366 502 1452 555 qui
1465 502 1760 544 vocabatur
1775 502 2053 553 Quadrans
2068 503 2374 557 chalybeus‚

182 570 443 624 quadrato
463 569 694 612 inclusus
715 574 844 621 erat,
867 571 1013 625 cujus
1034 572 1169 614 latus
1189 584 1286 626 par
1307 576 1419 614 erat
1433 572 1581 615 radio
1599 573 1924 626 quadrantis;
1948 574 2052 617 duo
2067 586 2194 617 vero
2210 575 2375 616 latera

181 640 348 684 divisa
363 643 529 690 erant,
553 652 658 694 quo
672 640 850 691 fiebat,
869 645 926 683 ut
941 642 1241 685 observatio
1259 645 1506 697 angulum
1521 643 1674 685 simul
1691 656 1813 686 cum
1828 648 2070 699 tangente
2086 646 2194 700 ejus
2210 646 2373 695 daret,

180 711 253 754 ita
272 715 330 754 ut
351 712 517 754 altera
538 723 788 754 mensura
809 713 1033 754 alteram
1054 713 1373 755 confirmare
1393 718 1584 767 posset.
1610 715 1886 757 Rarissime
1900 718 2079 757 tamen
2094 716 2196 758 hoc
2216 715 2376 766 »Qua-

181 783 334 826 drato
356 783 703 837 geometrico«
727 783 909 836 Tycho
931 783 1191 834 utebatur,
1219 784 1417 826 scilicet
1445 785 1564 838 quia
1593 786 1776 828 divisio
1805 798 1960 829 arcus
1981 787 2105 829 satis
2127 790 2375 829 accurate

181 854 324 896 facta
345 865 459 896 esse
480 853 527 896 ei
546 853 839 896 videbatur.
864 854 1107 896 Ceterum
1129 855 1387 909 eJusmodi
1409 857 1724 909 quadratum
1747 858 2216 899 commendaverat
2233 858 2376 900 PUR-

181 924 488 975 BACHIUS,
510 925 604 967 sed
623 925 826 967 Arabes
848 928 1004 967 antea
1025 936 1089 968 eo
1110 926 1190 968 usi
1210 930 1374 969 erant.

238 996 320 1038 Ad
348 999 557 1050 tempus
588 996 945 1039 definiendum
976 997 1296 1049 quadrantes
1326 997 1570 1050 perutiles
1601 1002 1762 1040 erant.
1795 999 2126 1041 Alexandriae
2156 999 2199 1041 si
2228 1000 2375 1042 locus

179 1068 408 1121 planetae
439 1067 657 1123 alicujus
688 1067 1089 1118 observabatur,
1123 1067 1195 1109 ita
1227 1071 1434 1109 tantum
1466 1071 1673 1122 tempus
1707 1070 1922 1111 definire
1955 1070 2090 1112 soliti
2123 1074 2286 1121 erant,
2320 1074 2375 1112 ut

179 1138 383 1180 initium
403 1139 487 1181 vel
508 1138 745 1181 medium
765 1139 849 1181 vel
871 1138 1069 1181 exitum
1085 1138 1234 1181 horae
1250 1138 1404 1181 simul
1419 1139 1724 1190 indicarent,
1749 1142 1889 1193 quod
1904 1145 2117 1194 propter
2132 1142 2375 1183 observa-

179 1209 348 1253 tiones
373 1221 565 1264 parum
593 1213 873 1253 accuratas
901 1209 1062 1252 etiam
1088 1209 1214 1252 satis
1242 1213 1369 1252 erat.
1397 1210 1623 1264 Tempus
1651 1215 1828 1253 autem
1855 1224 1947 1265 per
1968 1213 2272 1265 clepsydras
2292 1213 2374 1254 vel

178 1280 454 1335 horologia
485 1281 726 1324 arenaria
759 1281 1107 1332 indicabatur,
1143 1293 1262 1334 quae
1297 1281 1691 1335 corrigebantur
1722 1294 1815 1336 per
1848 1283 2240 1325 observationes
2274 1285 2376 1326 cul-

182 1351 532 1395 minationum
559 1352 760 1406 aliquot
784 1353 1057 1395 stellarum
1084 1364 1149 1395 ex
1175 1352 1271 1394 illis
1299 1353 1644 1407 quadraginta
1665 1357 1925 1406 quattuor,
1955 1366 2179 1406 quarum
2201 1366 2376 1396 ascen-

181 1423 354 1466 siones
380 1426 553 1466 rectas
582 1423 997 1466 HIPPARCHUS
1023 1427 1135 1466 tam
1163 1423 1295 1466 bene
1323 1423 1610 1472 definierat,
1641 1427 1698 1466 ut
1726 1424 1909 1466 vitium
1938 1425 2086 1467 horae
2117 1425 2375 1467 minutum

181 1506 288 1537 non
314 1495 542 1537 multum
567 1497 879 1549 superaret¹.
903 1495 1110 1538 Saeculo
1132 1506 1259 1537 vero
1282 1495 1350 1536 IX
1370 1495 1571 1537 Arabes
1595 1495 1647 1537 in
1666 1498 1904 1549 tempore
1929 1500 2175 1538 accurate
2202 1497 2377 1538 defini-

181 1566 318 1609 endo
352 1578 605 1620 magnum
636 1577 975 1621 progressum
1008 1566 1261 1609 fecerunt.
1298 1566 1621 1608 Mentionem
1652 1566 1779 1608 facit
1811 1566 1921 1607 IBN
1947 1566 2135 1616 JUNIS
2169 1567 2377 1620 deliquii

180 1637 392 1688 solaris,
417 1638 560 1691 quod
581 1637 664 1680 die
683 1637 741 1679 30
761 1637 958 1680 mensis
980 1637 1297 1680 Novembris
1319 1637 1442 1680 anni
1461 1636 1546 1679 829
1568 1637 1797 1691 Bagdadi
1818 1637 2117 1679 observavit
2132 1638 2375 1680 AHMED

182 1708 294 1750 IBN
320 1708 694 1751 ABDALLAH
722 1708 1037 1763 cognomine
1065 1708 1351 1759 HABASH,
1384 1708 1471 1762 qui
1498 1708 1629 1751 Solis
1660 1708 1985 1750 altitudinem
2012 1709 2063 1751 in
2089 1709 2230 1752 initio
2259 1710 2378 1751 deli-

181 1780 287 1833 quii
307 1779 503 1823 Solaris
524 1780 590 1831 7⁰,
618 1779 671 1822 in
696 1780 801 1822 fine
825 1791 953 1823 vero
981 1779 1062 1822 24⁰
1082 1780 1289 1834 reperit.
1320 1780 1418 1822 Hic
1446 1780 1646 1834 primus
1672 1791 1765 1833 per
1793 1780 2186 1822 observationes
2214 1780 2378 1822 altitu-

180 1851 364 1894 dinum
384 1854 594 1905 tempus
615 1851 833 1894 definire
854 1854 1077 1894 conatus
1104 1863 1219 1894 esse
1239 1851 1461 1901 videtur,
1489 1851 1582 1893 sed
1608 1850 1766 1905 hujus
1787 1850 2002 1893 rationis
2022 1851 2237 1893 virtutes
2259 1863 2378 1894 con-

178 1922 379 1976 spicuae
400 1926 566 1974 erant,
589 1925 640 1965 et
660 1922 744 1965 die
770 1922 821 1964 12
841 1922 1037 1965 mensis
1051 1923 1268 1978 Augusti
1289 1923 1412 1966 anni
1431 1922 1518 1965 854
1538 1922 1590 1964 in
1610 1921 1752 1964 initio
1772 1922 1981 1975 deliquii
1996 1922 2217 1964 Lunaris
2231 1923 2379 1964 Alde-

180 1993 328 2037 borae
345 1993 564 2037 altitudo
579 1993 661 2036 45⁰
680 1993 738 2036 30
749 1996 760 2013 ¹
776 1994 991 2037 inventa
1006 1998 1097 2038 est.
1120 1995 1278 2037 Addit
1293 1994 1387 2037 Ibn
1398 1994 1425 2045 J
1428 1994 1559 2045 unis,
1579 1993 1698 2036 inde
1713 2004 1827 2035 sese
1843 2004 1935 2046 per
1949 1993 2376 2046 planisphaerium

178 2065 456 2116 invenisse,
480 2066 730 2120 angulum
751 2065 993 2108 horalem
1015 2078 1129 2109 esse
1143 2066 1240 2118 440,
1263 2069 1314 2109 et
1329 2066 1430 2108 alia
1447 2077 1656 2119 quoque
1672 2065 1915 2118 exempla
1931 2064 2084 2106 affert
2098 2064 2279 2106 saeculi
2293 2065 2374 2106 X2.

179 2136 425 2179 Ceterum
445 2136 809 2188 instrumenta,
839 2149 959 2191 quae
987 2137 1390 2189 adhibebantur,
1418 2137 1701 2191 perexigua
1722 2139 1871 2179 erant
1892 2139 1941 2178 et
1960 2138 2166 2177 tantum
2186 2135 2238 2176 in
2257 2135 2378 2176 inte—

180 2219 300 2262 gros
320 2208 513 2262 gradus
534 2207 723 2259 divisa;
747 2212 798 2251 et
818 2220 1148 2262 quamquam
1167 2208 1635 2251 ALBATEGNIUS
1658 2208 1913 2250 formulas
1931 2206 2170 2261 praebuit,
2193 2206 2378 2259 quibus

182 2280 401 2334 angulus
421 2279 619 2322 horalis
639 2279 857 2333 reperiri
872 2283 1096 2334 poterat,
1118 2280 1322 2323 Arabes
1335 2283 1517 2322 tamen
1531 2279 1657 2322 satis
1672 2279 1941 2321 habebant
1955 2290 2078 2321 eum
2094 2276 2377 2320 astrolabio

182 2349 293 2392 sive
312 2350 687 2404 planisphaerio
707 2362 802 2404 per
821 2350 985 2394 lineas
1006 2351 1239 2394 definire.

244 2421 302 2463 In
328 2422 537 2475 Europa
562 2421 982 2466 PURBACHIUS
1010 2434 1149 2466 anno
1175 2423 1286 2465 1457
1308 2423 1375 2465 ad
1394 2426 1604 2476 tempus
1625 2421 1981 2464 definiendum
2009 2418 2379 2463 observationi-

184 2492 281 2535 bus
309 2491 642 2534 altitudinum
667 2504 793 2535 usus
821 2496 913 2544 est,
943 2505 1067 2536 cum
1093 2493 1145 2536 in
1171 2494 1315 2536 initio
1342 2497 1394 2536 et
1418 2494 1523 2535 fine
1550 2492 1761 2545 deliquii
1787 2491 2009 2534 Lunaris
2036 2491 2118 2533 die
2138 2490 2164 2532 3
2186 2489 2378 2531 mensis

183 2562 506 2617 Septembris
528 2563 856 2606 altitudinem
881 2565 1231 2618 »paenultimae
1253 2577 1318 2607 ex
1338 2564 1654 2619 Plejadibus«
1681 2563 2042 2605 dimetiretur³.
2071 2561 2269 2603 Primus
2295 2573 2379 2602 au-

183 2637 293 2676 tem
307 2633 756 2677 BERNHARDUS
771 2635 1106 2678 WALTHER
1127 2635 1579 2690 Norimbergensis
1600 2633 1898 2688 horologiis,
1922 2645 2041 2686 quae
2061 2631 2378 2687 ponderibus

184 2704 553 2756 movebantur,
575 2705 628 2747 in
649 2706 1014 2749 observatorio
1035 2719 1160 2750 usus
1176 2710 1268 2750 est.
1292 2708 1471 2749 Exstat
1485 2706 1699 2759 quidem
1713 2705 1845 2747 inter
1861 2704 2254 2747 observationes
2270 2702 2378 2756 eJus

185 2775 433 2819 Mercurii
460 2776 778 2828 observatio,
809 2777 899 2820 ubi
929 2781 1073 2821 ortus
1103 2781 1377 2821 momento
1404 2777 1610 2831 pondus
1637 2775 1909 2830 horologio
1941 2774 2200 2829 appendit,
2233 2775 2377 2829 cujus

183 2850 302 2890 rota
327 2846 526 2890 horalis
550 2847 609 2890 56
635 2848 818 2891 dentes
844 2848 1092 2892 habebat.
1123 2849 1255 2891 Cum
1282 2852 1403 2891 ante
1423 2848 1555 2891 Solis
1578 2851 1752 2890 ortum
1773 2859 1878 2889 una
1899 2847 2031 2888 hora
2053 2849 2103 2888 et
2121 2846 2176 2888 35
2198 2846 2377 2887 dentes

182 2917 572 2972 praeteriissent,
587 2918 842 2973 temporis
857 2919 1192 2962 intervallum
1208 2919 1465 2962 conclusit
1479 2930 1593 2961 esse
1612 2919 1661 2960 1h
1677 2918 1732 2960 37
1744 2918 1788 2960 ¹¹¹.
1813 2917 1916 2959 Etsi
1930 2917 2032 2959 hoc
2047 2915 2377 2969 horologium

245 3001 256 3026 ¹
285 3001 345 3036 Cf.
369 3001 756 3046 SCHJELLERUP,
786 3003 872 3039 Sur
897 3005 937 3038 Ie
966 3005 1256 3038 chronometre
1283 3004 1438 3038 celeste
1462 3003 1742 3047 d’Hipparque
1773 3000 1832 3042 (in
1856 2999 2120 3045 ephemeride
2146 2999 2376 3043 Copemico

185 3060 253 3105 lp.
269 3061 325 3101 25,
348 3060 541 3095 Dublinii
562 3062 679 3104 1881).

242 3120 258 3144 ²
279 3119 524 3160 CAUSSIN,
550 3121 610 3155 Le
629 3121 736 3155 livre
757 3121 807 3156 de
826 3123 867 3156 Ia
885 3123 1046 3166 grande
1069 3123 1178 3157 table
1199 3122 1427 3156 Hakemite
1446 3132 1484 3164 p.
1509 3121 1574 3155 100
1594 3131 1680 3165 sqq.
1704 3120 1892 3160 (Notices
1913 3122 1955 3153 et
1972 3119 2148 3152 exii-aits
2168 3116 2246 3151 vol.
2267 3116 2375 3157 V11);

183 3178 447 3213 librariorum
468 3189 624 3214 errores
646 3179 688 3214 in
710 3179 966 3224 quibusdam
988 3181 1137 3216 harum
1159 3179 1499 3216 observationum
1521 3178 1718 3214 indicavit
1739 3178 1956 3212 KNOBEL
1978 3177 2190 3220 (Monthly
2204 3176 2375 3209 Notices

183 3238 232 3272 R.
253 3238 366 3272 Astt.
388 3237 484 3273 Soc.
506 3239 677 3273 XXXIX
697 3250 734 3283 p.
753 3239 851 3282 339).

242 3296 258 3321 3
278 3295 369 3331 Vid.
390 3297 557 3341 Scripta
579 3298 626 3332 cl.
648 3299 941 3333 mathemati&
961 3299 988 3333 Ι.
1005 3298 1433 3333 REGIOMONTANI
1457 3296 1660 3338 (Norimb.
1686 3296 1790 3337 1544)
1811 3295 1875 3330 fol.
1891 3295 1951 3333 36;
1974 3293 2183 3328 SNELLII
2203 3292 2373 3328 Observ.

184 3355 412 3391 Hassiacae
433 3359 531 3400 part.
554 3357 590 3390 11
611 3367 649 3400 p.
674 3357 726 3391 12.
1879 3362 1883 3364 ’
