2678 4069
949 324 1061 375 DE
1089 324 1329 376 NOVA
1356 324 1672 377 STELLA
2339 327 2407 378 49

87 474 200 516 H3v
573 463 982 515 Commutatio
1005 465 1302 530 temporis
1322 465 1385 516 in
1409 480 1723 532 apparens
1745 467 1807 519 ἆ(
1825 481 2057 518 Verum.

426 557 631 609 Motus
651 557 935 622 fimplices
957 557 1107 609 Solis
1522 560 1898 612 Ascenfiones
1918 561 2030 612 loci
2052 561 2202 613 Solis

607 628 921 692 compofiti.
1761 630 1965 683 Rediae.

1129 700 1187 750 P.
1274 701 1360 751 M.
1436 701 1489 752 S.
1817 702 1875 753 P.
1968 702 2054 753 M.
2124 702 2177 754 S.

146 784 166 817 5
428 770 688 835 Tempus
709 770 992 834 plenilun.
1103 770 1208 821 266
1292 771 1349 822 31
1422 772 1506 823 55.
1793 773 1897 824 266
2005 773 2038 824 9
2111 773 2195 825 59.

429 841 672 906 Temp0.
697 840 916 893 Christi
1103 840 1207 893 278
1316 841 1349 892 2
1435 842 1506 893 16.
1793 843 1896 895 279
1970 845 2037 895 55
2112 844 2196 895 33.

431 911 782 964 Differentia
1106 911 1211 963 348
1284 912 1352 963 29
1425 912 1509 964 39.
1796 914 1900 965 346
1984 915 2040 965 14
2113 914 2197 966 26.

929 1028 1187 1082 Collatio
1209 1028 1715 1082 differentiarum.

128 1209 170 1243 ιο
540 1194 890 1247 Differentia
910 1195 1235 1259 aequalium
1255 1203 1392 1246 mot.
1551 1195 1654 1246 348
1798 1195 1866 1246 29
2010 1196 2093 1247 38.

540 1265 891 1318 Differentia
911 1265 1311 1318 ascenfionum
1551 1266 1655 1317 346
1811 1267 1866 1316 14
2010 1266 2094 1317 26.

541 1337 804 1389 Excessus
826 1336 1291 1389 differentiarum
1622 1337 1655 1386 2
1813 1337 1867 1388 15
2024 1337 2094 1387 12.

292 1433 452 1484 Huic
474 1433 715 1484 excessui
736 1431 1217 1492 differentiarum,
1246 1438 1582 1495 competunt
1604 1430 1689 1481 M.
1711 1431 1759 1482 9.
1784 1430 1836 1482 S.
1860 1432 1895 1482 1.
1918 1434 2089 1482 vnius
2110 1431 2290 1490 horae,
2318 1431 2414 1482 ad-

221 1504 414 1555 denda
433 1506 683 1568 tempori
705 1503 1083 1568 oppofitionis
1104 1502 1338 1566 aequali,
1360 1508 1419 1553 vt
1441 1502 1654 1553 euadat
1675 1517 1979 1565 apparens

131 1636 171 1669 15
765 1623 1032 1688 Tempus
1053 1634 1371 1689 apparens
1393 1619 1530 1672 veri
1547 1618 1891 1687 Plenilumj.

962 1716 1035 1767 D.
1082 1715 1161 1767 H.
1218 1715 1302 1766 M.
1353 1715 1474 1767 See.

450 1788 905 1840 DECEMBRIS
980 1788 1012 1839 7
1086 1787 1156 1838 20
1228 1786 1297 1838 28
1371 1786 1455 1838 29.
1531 1785 1650 1850 post
1670 1786 1926 1836 mediam
1946 1782 2194 1836 nodlem:

563 1859 700 1911 Siue
722 1875 758 1911 a
778 1859 1038 1919 meridie,
1063 1858 1143 1922 (vt
1162 1860 1344 1909 moris
1365 1856 1460 1920 eft)
1483 1856 1852 1908 numerando
1874 1855 2089 1906 Horas

955 1929 1029 1981 D.
1076 1929 1155 1980 H.
1211 1929 1297 1980 M.
1348 1928 1470 1981 Sec.

131 2014 176 2048 20
975 2000 1008 2053 8
1117 2000 1150 2052 8
1224 1999 1293 2052 28
1366 1999 1451 2052 29.

298 2097 475 2148 Nunc
504 2097 579 2148 ad
608 2099 886 2161 temporis
917 2093 1318 2148 redue'tionem
1348 2095 1423 2146 ad
1455 2101 1722 2144 nostrum
1752 2092 2154 2143 Meridianum
2186 2090 2420 2142 acceda-

226 2183 375 2219 muS.

525 2286 631 2338 DE
651 2285 1047 2338 TEMPORIS
1069 2284 1584 2336 REDVCTIONE
1604 2283 1720 2334 AD
1742 2280 2132 2334 NOSTRUM

1055 2354 1610 2407 MERIDIANUM.

135 2465 179 2499 2⁵
299 2453 559 2517 Tempus
579 2468 735 2504 verae
759 2451 1152 2516 Oppofitionis
1173 2466 1464 2515 apparens
1490 2452 1612 2501 iam
1637 2452 1948 2500 inuentum
1968 2445 2276 2509 respondet
2296 2444 2422 2495 Me-

230 2525 460 2576 ridiano
474 2523 840 2575 Tabularum
855 2523 1314 2581 Prutenicarum,
1338 2537 1516 2585 quem
1531 2519 1892 2571 Reinholdus
1910 2515 2324 2582 praesupposuit
2338 2515 2421 2565 44.

230 2598 502 2660 partium,
524 2594 576 2645 8(
597 2595 669 2647 15.
691 2597 897 2646 minut.
921 2594 1080 2658 quod
1102 2593 1199 2645 etfi
1218 2593 1316 2644 ille
1337 2592 1559 2643 filentio
1580 2592 1878 2656 praeterijt:
1900 2596 2099 2640 tamen
2120 2603 2191 2638 ex
2212 2587 2422 2637 distan-

229 2669 311 2718 tia
331 2666 822 2726 Meridianorum,
850 2680 1032 2729 quam
1053 2664 1338 2716 constituit
1363 2666 1513 2714 inter
1534 2663 1977 2726 Regiomontem
1998 2658 2049 2709 8(
2071 2658 2425 2710 Cracouiam

232 2744 334 2789 aut
353 2737 796 2797 Alexandriam,
824 2736 1037 2800 quibus
1057 2735 1200 2787 locis
1223 2735 1587 2798 Copernieus
1609 2732 1660 2784 8(
1681 2732 2016 2783 Ptolomeus
2036 2729 2114 2780 vfi
2133 2728 2276 2788 sunt,
2304 2742 2425 2778 non

137 2820 182 2854 30
233 2808 469 2860 obscure
499 2815 656 2873 patet
684 2808 868 2869 illum,
904 2822 1052 2868 eam,
1087 2822 1269 2870 quam
1298 2806 1433 2866 dixi,
1466 2804 1892 2869 longitudinem
1922 2801 2286 2865 Regiomonti
2315 2798 2423 2849 Bo-

233 2880 432 2939 russiae,
466 2880 541 2931 ad
569 2882 735 2931 cuius
761 2879 874 2930 loci
901 2878 1305 2930 Meridianum
1334 2876 1593 2928 Tabulas
1624 2874 1973 2939 supputauit‚
2008 2870 2325 2923 attribuisse.
2366 2867 2425 2919 Si

233 2953 430 3014 itaque
460 2950 573 3001 hoc
598 2957 829 3014 tempus
856 2949 1257 3000 reducendum
1283 2950 1388 2999 erit
1415 2947 1490 2998 ad
1516 2946 1773 2997 nostrum
1799 2943 2218 3000 Meridianum,
2250 2954 2425 3003 quem

105 3030 214 3072 1-14r
233 3021 624 3086 praesuppono
656 3021 740 3073 35.
763 3016 783 3088 ΙΙ
804 3020 1065 3085 partibus
1097 3021 1391 3071 remoueri
1418 3018 1491 3069 ab
1520 3016 1725 3068 occasu
1752 3015 1803 3066 8(
1829 3015 1906 3068 91.
1935 3012 2193 3078 partibus
2226 3011 2424 3074 Regio-

234 3099 433 3144 monte
455 3091 1007 3151 Occidentaliorem;
1035 3093 1279 3142 veniunt
1298 3089 1383 3141 37.
1405 3091 1636 3139 minuta
1654 3089 1827 3138 vnius
1847 3084 2012 3135 horae
2038 3080 2425 3134 subtrahenda

140 3174 185 3209 35
235 3179 272 3215 a
284 3171 546 3228 tempore
561 3165 883 3228 apparenti,
899 3162 1058 3226 quod
1072 3161 1244 3226 supra
1257 3162 1597 3211 inuenimus
1612 3157 1948 3209 Meridiano
1965 3155 2424 3218 Regiomontano

236 3234 464 3285 Prussiae
491 3233 961 3298 correspondere‚
988 3240 1048 3284 vt
1076 3232 1289 3284 euadat
1315 3238 1545 3294 tempus
1571 3231 1694 3280 veri
1720 3226 2028 3289 Plenilunij
2059 3236 2347 3287 apparens
2375 3219 2425 3270 8(

236 3303 540 3356 1εᾱ116111111
572 3305 647 3357 ad
679 3304 1084 3356 Meridianum
1116 3303 1417 3354 distantem
1449 3301 1521 3352 ab
1555 3302 1720 3351 initio
1753 3296 2198 3360 longitudinum,
2231 3292 2314 3343 35.
2348 3291 2425 3352 (vt

238 3374 378 3438 dixi)
400 3376 678 3439 partibus

380 3456 401 3491 7
2169 3432 2424 3493 Tempus
