<?xml version="1.0" encoding="UTF-8"?>
<!DOCTYPE html PUBLIC "-//W3C//DTD XHTML 1.0 Transitional//EN"
    "http://www.w3.org/TR/xhtml1/DTD/xhtml1-transitional.dtd">
<html xmlns="http://www.w3.org/1999/xhtml" xml:lang="en" lang="en">
 <head>
  <title>
</title>
<meta http-equiv="Content-Type" content="text/html;charset=utf-8" />
  <meta name='ocr-system' content='tesseract 3.04.00' />
  <meta name='ocr-capabilities' content='ocr_page ocr_carea ocr_par ocr_line ocrx_word'/>
</head>
<body>
  <div class='ocr_page' id='page_1' title='image "./operaomniaedidit01brahuoft/operaomniaedidit01brahuoft_0047.png"; bbox 0 0 2678 4069; ppageno 0'>
   <div class='ocr_carea' id='block_1_1' title="bbox 705 306 2350 365">
    <p class='ocr_par' dir='ltr' id='par_1_1' title="bbox 705 306 2350 365">
     <span class='ocr_line' id='line_1_1' title="bbox 705 306 2350 365; baseline 0.005 -8"><span class='ocrx_word' id='word_1_1' title='bbox 705 306 1373 362; x_wconf 87' lang='lat' dir='ltr'><strong>PROLEGOMENA</strong></span> <span class='ocrx_word' id='word_1_2' title='bbox 1402 310 1802 363; x_wconf 91' lang='lat' dir='ltr'><strong>EDITORIS</strong></span> <span class='ocrx_word' id='word_1_3' title='bbox 2153 313 2350 365; x_wconf 94' lang='lat' dir='ltr'>XXXI</span> 
     </span>
    </p>
   </div>
   <div class='ocr_carea' id='block_1_2' title="bbox 153 444 2349 3337">
    <p class='ocr_par' dir='ltr' id='par_1_2' title="bbox 161 444 2349 574">
     <span class='ocr_line' id='line_1_2' title="bbox 161 444 2349 502; baseline 0.004 -15"><span class='ocrx_word' id='word_1_4' title='bbox 161 444 335 495; x_wconf 89' lang='lat' dir='ltr'>sibilis,</span> <span class='ocrx_word' id='word_1_5' title='bbox 365 455 490 486; x_wconf 93' lang='lat' dir='ltr'>cum</span> <span class='ocrx_word' id='word_1_6' title='bbox 518 446 699 486; x_wconf 87' lang='lat' dir='ltr'>tamen</span> <span class='ocrx_word' id='word_1_7' title='bbox 724 445 873 498; x_wconf 87' lang='lat' dir='ltr'>juxta</span> <span class='ocrx_word' id='word_1_8' title='bbox 902 447 1278 491; x_wconf 90' lang='lat' dir='ltr'>Ptolemaicam</span> <span class='ocrx_word' id='word_1_9' title='bbox 1310 448 1641 502; x_wconf 89' lang='lat' dir='ltr'>Hypothesin</span> <span class='ocrx_word' id='word_1_10' title='bbox 1668 450 1857 492; x_wconf 88' lang='lat' dir='ltr'>debeat</span> <span class='ocrx_word' id='word_1_11' title='bbox 1884 463 1998 494; x_wconf 88' lang='lat' dir='ltr'>esse</span> <span class='ocrx_word' id='word_1_12' title='bbox 2027 452 2349 495; x_wconf 90' lang='lat' dir='ltr'>minutorum</span> 
     </span>
     <span class='ocr_line' id='line_1_3' title="bbox 161 514 2228 574; baseline 0.004 -19"><span class='ocrx_word' id='word_1_13' title='bbox 161 514 311 568; x_wconf 82' lang='lat' dir='ltr'>quasi</span> <span class='ocrx_word' id='word_1_14' title='bbox 330 514 373 566; x_wconf 92' lang='lat'>4,</span> <span class='ocrx_word' id='word_1_15' title='bbox 396 514 523 556; x_wconf 88' lang='lat' dir='ltr'>satis</span> <span class='ocrx_word' id='word_1_16' title='bbox 544 515 908 568; x_wconf 88' lang='lat' dir='ltr'>perceptibilis.</span> <span class='ocrx_word' id='word_1_17' title='bbox 933 517 1033 559; x_wconf 89' lang='lat' dir='ltr'>Sed</span> <span class='ocrx_word' id='word_1_18' title='bbox 1054 523 1204 571; x_wconf 89' lang='lat' dir='ltr'>potes</span> <span class='ocrx_word' id='word_1_19' title='bbox 1225 520 1342 562; x_wconf 87' lang='lat' dir='ltr'>haec</span> <span class='ocrx_word' id='word_1_20' title='bbox 1365 523 1549 572; x_wconf 87' lang='lat' dir='ltr'>postea</span> <span class='ocrx_word' id='word_1_21' title='bbox 1571 521 1860 574; x_wconf 85' lang='lat' dir='ltr'>diligentius</span> <span class='ocrx_word' id='word_1_22' title='bbox 1881 523 2228 565; x_wconf 76' lang='lat' dir='ltr'>examinare«</span> 
     </span>
    </p>

    <p class='ocr_par' dir='ltr' id='par_1_3' title="bbox 157 585 2349 1419">
     <span class='ocr_line' id='line_1_4' title="bbox 219 585 2349 648; baseline 0.005 -22"><span class='ocrx_word' id='word_1_23' title='bbox 219 585 354 627; x_wconf 85' lang='lat' dir='ltr'>Duae</span> <span class='ocrx_word' id='word_1_24' title='bbox 383 588 643 638; x_wconf 86' lang='lat' dir='ltr'>praeterea</span> <span class='ocrx_word' id='word_1_25' title='bbox 669 585 721 626; x_wconf 94' lang='lat' dir='ltr'>in</span> <span class='ocrx_word' id='word_1_26' title='bbox 747 588 1084 638; x_wconf 89' lang='lat' dir='ltr'>sequentibus</span> <span class='ocrx_word' id='word_1_27' title='bbox 1114 589 1445 631; x_wconf 89' lang='lat' dir='ltr'>inveniuntur</span> <span class='ocrx_word' id='word_1_28' title='bbox 1472 591 1853 641; x_wconf 83' lang='lat' dir='ltr'>annotationes,</span> <span class='ocrx_word' id='word_1_29' title='bbox 1883 604 2001 645; x_wconf 87' lang='lat' dir='ltr'>quae</span> <span class='ocrx_word' id='word_1_30' title='bbox 2031 605 2144 635; x_wconf 91' lang='lat' dir='ltr'>rem</span> <span class='ocrx_word' id='word_1_31' title='bbox 2176 596 2349 648; x_wconf 89' lang='lat' dir='ltr'>aliqua</span> 
     </span>
     <span class='ocr_line' id='line_1_5' title="bbox 160 656 2348 709; baseline 0.005 -13"><span class='ocrx_word' id='word_1_32' title='bbox 160 667 225 698; x_wconf 88' lang='lat' dir='ltr'>ex</span> <span class='ocrx_word' id='word_1_33' title='bbox 251 659 401 709; x_wconf 89' lang='lat' dir='ltr'>parte</span> <span class='ocrx_word' id='word_1_34' title='bbox 428 656 636 698; x_wconf 89' lang='lat' dir='ltr'>animos</span> <span class='ocrx_word' id='word_1_35' title='bbox 663 656 714 697; x_wconf 91' lang='lat' dir='ltr'>in</span> <span class='ocrx_word' id='word_1_36' title='bbox 741 667 797 698; x_wconf 89' lang='lat' dir='ltr'>se</span> <span class='ocrx_word' id='word_1_37' title='bbox 825 659 1149 701; x_wconf 89' lang='lat' dir='ltr'>convertisse</span> <span class='ocrx_word' id='word_1_38' title='bbox 1176 662 1470 702; x_wconf 90' lang='lat' dir='ltr'>ostendunt.</span> <span class='ocrx_word' id='word_1_39' title='bbox 1499 662 1578 702; x_wconf 90' lang='lat' dir='ltr'>Ad</span> <span class='ocrx_word' id='word_1_40' title='bbox 1607 662 1745 703; x_wconf 91' lang='lat' dir='ltr'>diem</span> <span class='ocrx_word' id='word_1_41' title='bbox 1772 663 1823 703; x_wconf 90' lang='lat'>21</span> <span class='ocrx_word' id='word_1_42' title='bbox 1858 664 2030 705; x_wconf 90' lang='lat' dir='ltr'>Martii</span> <span class='ocrx_word' id='word_1_43' title='bbox 2058 664 2348 707; x_wconf 91' lang='lat' dir='ltr'>IOANNES</span> 
     </span>
     <span class='ocr_line' id='line_1_6' title="bbox 159 726 2348 782; baseline 0.005 -14"><span class='ocrx_word' id='word_1_44' title='bbox 159 726 540 777; x_wconf 85' lang='lat' dir='ltr'>AURIFABER,</span> <span class='ocrx_word' id='word_1_45' title='bbox 565 726 753 768; x_wconf 84' lang='lat' dir='ltr'><strong>artifex</strong></span> <span class='ocrx_word' id='word_1_46' title='bbox 772 727 1053 780; x_wconf 90' lang='lat' dir='ltr'>Tychonis,</span> <span class='ocrx_word' id='word_1_47' title='bbox 1077 730 1164 782; x_wconf 92' lang='lat' dir='ltr'>qui</span> <span class='ocrx_word' id='word_1_48' title='bbox 1185 731 1271 772; x_wconf 93' lang='lat' dir='ltr'>illo</span> <span class='ocrx_word' id='word_1_49' title='bbox 1294 731 1376 772; x_wconf 92' lang='lat' dir='ltr'>die</span> <span class='ocrx_word' id='word_1_50' title='bbox 1398 732 1793 774; x_wconf 89' lang='lat' dir='ltr'>observationes</span> <span class='ocrx_word' id='word_1_51' title='bbox 1814 733 2029 776; x_wconf 82' lang='lat' dir='ltr'>instituit</span> <span class='ocrx_word' id='word_1_52' title='bbox 2051 739 2140 777; x_wconf 91' lang='lat' dir='ltr'>aut</span> <span class='ocrx_word' id='word_1_53' title='bbox 2160 737 2348 778; x_wconf 89' lang='lat' dir='ltr'>saltem</span> 
     </span>
     <span class='ocr_line' id='line_1_7' title="bbox 159 797 2348 849; baseline 0.004 -10"><span class='ocrx_word' id='word_1_54' title='bbox 159 798 211 839; x_wconf 91' lang='lat' dir='ltr'>in</span> <span class='ocrx_word' id='word_1_55' title='bbox 237 797 428 839; x_wconf 91' lang='lat' dir='ltr'>librum</span> <span class='ocrx_word' id='word_1_56' title='bbox 454 797 643 849; x_wconf 87' lang='lat' dir='ltr'>retulit,</span> <span class='ocrx_word' id='word_1_57' title='bbox 672 797 790 839; x_wconf 85' lang='lat' dir='ltr'>haec</span> <span class='ocrx_word' id='word_1_58' title='bbox 825 800 1117 842; x_wconf 85' lang='lat' dir='ltr'>annotavit:</span> <span class='ocrx_word' id='word_1_59' title='bbox 1146 801 1362 843; x_wconf 86' lang='lat' dir='ltr'>»Confer</span> <span class='ocrx_word' id='word_1_60' title='bbox 1389 802 1714 844; x_wconf 86' lang='lat' dir='ltr'>altitudinem</span> <span class='ocrx_word' id='word_1_61' title='bbox 1744 805 2091 847; x_wconf 85' lang='lat' dir='ltr'>meridianam</span> <span class='ocrx_word' id='word_1_62' title='bbox 2118 817 2241 848; x_wconf 92' lang='lat' dir='ltr'>cum</span> <span class='ocrx_word' id='word_1_63' title='bbox 2268 807 2348 848; x_wconf 91' lang='lat' dir='ltr'>his</span> 
     </span>
     <span class='ocr_line' id='line_1_8' title="bbox 159 868 2347 926; baseline 0.005 -16"><span class='ocrx_word' id='word_1_64' title='bbox 159 869 302 911; x_wconf 89' lang='lat' dir='ltr'>circa</span> <span class='ocrx_word' id='word_1_65' title='bbox 322 868 379 910; x_wconf 99' lang='lat'>90</span> <span class='ocrx_word' id='word_1_66' title='bbox 400 868 639 922; x_wconf 89' lang='lat' dir='ltr'>gradum,</span> <span class='ocrx_word' id='word_1_67' title='bbox 663 871 820 921; x_wconf 90' lang='lat' dir='ltr'>atque</span> <span class='ocrx_word' id='word_1_68' title='bbox 840 869 961 911; x_wconf 87' lang='lat' dir='ltr'>hinc</span> <span class='ocrx_word' id='word_1_69' title='bbox 983 881 1107 912; x_wconf 93' lang='lat' dir='ltr'>erue</span> <span class='ocrx_word' id='word_1_70' title='bbox 1128 871 1422 924; x_wconf 87' lang='lat' dir='ltr'>parallaxin</span> <span class='ocrx_word' id='word_1_71' title='bbox 1440 873 1500 926; x_wconf 69' lang='grc' dir='ltr'>ῼ.</span> <span class='ocrx_word' id='word_1_72' title='bbox 1521 873 1657 914; x_wconf 92' lang='lat' dir='ltr'>Nam</span> <span class='ocrx_word' id='word_1_73' title='bbox 1679 873 1992 917; x_wconf 87' lang='lat' dir='ltr'>refractione</span> <span class='ocrx_word' id='word_1_74' title='bbox 2014 881 2158 918; x_wconf 91' lang='lat' dir='ltr'>caret</span> <span class='ocrx_word' id='word_1_75' title='bbox 2178 878 2229 919; x_wconf 94' lang='lat' dir='ltr'>in</span> <span class='ocrx_word' id='word_1_76' title='bbox 2250 879 2347 920; x_wconf 91' lang='lat' dir='ltr'>ista</span> 
     </span>
     <span class='ocr_line' id='line_1_9' title="bbox 160 938 2347 1002; baseline 0.005 -22"><span class='ocrx_word' id='word_1_77' title='bbox 160 939 429 981; x_wconf 92' lang='lat' dir='ltr'>altitudine</span> <span class='ocrx_word' id='word_1_78' title='bbox 451 939 631 981; x_wconf 90' lang='lat' dir='ltr'>citima</span> <span class='ocrx_word' id='word_1_79' title='bbox 645 939 796 993; x_wconf 72' lang='lat' dir='ltr'>Juxta</span> <span class='ocrx_word' id='word_1_80' title='bbox 816 938 873 981; x_wconf 96' lang='lat'>90</span> <span class='ocrx_word' id='word_1_81' title='bbox 893 940 1160 993; x_wconf 90' lang='lat' dir='ltr'>gradum.«</span> <span class='ocrx_word' id='word_1_82' title='bbox 1185 942 1243 982; x_wconf 89' lang='lat' dir='ltr'>Et</span> <span class='ocrx_word' id='word_1_83' title='bbox 1266 943 1332 983; x_wconf 92' lang='lat' dir='ltr'>ad</span> <span class='ocrx_word' id='word_1_84' title='bbox 1354 943 1494 984; x_wconf 91' lang='lat' dir='ltr'>diem</span> <span class='ocrx_word' id='word_1_85' title='bbox 1514 943 1564 984; x_wconf 99' lang='lat'>15</span> <span class='ocrx_word' id='word_1_86' title='bbox 1580 944 1781 996; x_wconf 88' lang='lat' dir='ltr'>Aprilis,</span> <span class='ocrx_word' id='word_1_87' title='bbox 1805 957 1910 987; x_wconf 93' lang='lat' dir='ltr'>non</span> <span class='ocrx_word' id='word_1_88' title='bbox 1931 947 2141 998; x_wconf 90' lang='lat' dir='ltr'>quidem</span> <span class='ocrx_word' id='word_1_89' title='bbox 2163 949 2213 989; x_wconf 90' lang='lat' dir='ltr'>in</span> <span class='ocrx_word' id='word_1_90' title='bbox 2234 949 2347 1002; x_wconf 92' lang='lat' dir='ltr'>ipso</span> 
     </span>
     <span class='ocr_line' id='line_1_10' title="bbox 160 1009 2348 1073; baseline 0.005 -22"><span class='ocrx_word' id='word_1_91' title='bbox 160 1009 592 1052; x_wconf 89' lang='lat' dir='ltr'>observationum</span> <span class='ocrx_word' id='word_1_92' title='bbox 607 1009 756 1060; x_wconf 92' lang='lat' dir='ltr'>libro,</span> <span class='ocrx_word' id='word_1_93' title='bbox 773 1010 932 1052; x_wconf 91' lang='lat' dir='ltr'>sedin</span> <span class='ocrx_word' id='word_1_94' title='bbox 947 1012 1191 1065; x_wconf 86' lang='lat' dir='ltr'>exemplo</span> <span class='ocrx_word' id='word_1_95' title='bbox 1206 1013 1550 1066; x_wconf 88' lang='lat' dir='ltr'>transscripto</span> <span class='ocrx_word' id='word_1_96' title='bbox 1563 1015 1589 1063; x_wconf 87' lang='lat'>¹,</span> <span class='ocrx_word' id='word_1_97' title='bbox 1607 1015 1870 1056; x_wconf 90' lang='lat' dir='ltr'>calculum</span> <span class='ocrx_word' id='word_1_98' title='bbox 1886 1017 2178 1061; x_wconf 89' lang='lat' dir='ltr'>invenimus</span> <span class='ocrx_word' id='word_1_99' title='bbox 2194 1021 2348 1073; x_wconf 87' lang='lat' dir='ltr'>longi-</span> 
     </span>
     <span class='ocr_line' id='line_1_11' title="bbox 157 1080 2347 1135; baseline 0.005 -13"><span class='ocrx_word' id='word_1_100' title='bbox 157 1081 349 1123; x_wconf 90' lang='lat' dir='ltr'>tudinis</span> <span class='ocrx_word' id='word_1_101' title='bbox 379 1084 430 1123; x_wconf 94' lang='lat' dir='ltr'>et</span> <span class='ocrx_word' id='word_1_102' title='bbox 459 1081 742 1123; x_wconf 88' lang='lat' dir='ltr'>latitudinis</span> <span class='ocrx_word' id='word_1_103' title='bbox 763 1080 996 1133; x_wconf 89' lang='lat' dir='ltr'>Veneris,</span> <span class='ocrx_word' id='word_1_104' title='bbox 1026 1093 1184 1135; x_wconf 90' lang='lat' dir='ltr'>quem</span> <span class='ocrx_word' id='word_1_105' title='bbox 1216 1087 1503 1135; x_wconf 89' lang='lat' dir='ltr'>sequuntur</span> <span class='ocrx_word' id='word_1_106' title='bbox 1532 1084 1649 1126; x_wconf 86' lang='lat' dir='ltr'>haec</span> <span class='ocrx_word' id='word_1_107' title='bbox 1677 1086 1859 1129; x_wconf 90' lang='lat' dir='ltr'>verba:</span> <span class='ocrx_word' id='word_1_108' title='bbox 1894 1087 2054 1130; x_wconf 87' lang='lat' dir='ltr'>»Huic</span> <span class='ocrx_word' id='word_1_109' title='bbox 2085 1090 2216 1131; x_wconf 91' lang='lat' dir='ltr'>inter</span> <span class='ocrx_word' id='word_1_110' title='bbox 2246 1091 2347 1132; x_wconf 88' lang='lat' dir='ltr'>alia</span> 
     </span>
     <span class='ocr_line' id='line_1_12' title="bbox 158 1151 2347 1209; baseline 0.005 -16"><span class='ocrx_word' id='word_1_111' title='bbox 158 1151 462 1194; x_wconf 88' lang='lat' dir='ltr'>ratiocinari</span> <span class='ocrx_word' id='word_1_112' title='bbox 482 1151 602 1194; x_wconf 92' lang='lat' dir='ltr'>licet</span> <span class='ocrx_word' id='word_1_113' title='bbox 621 1152 916 1205; x_wconf 87' lang='lat' dir='ltr'>parallaxin</span> <span class='ocrx_word' id='word_1_114' title='bbox 939 1153 974 1207; x_wconf 64' lang='grc' dir='ltr'>ς)</span> <span class='ocrx_word' id='word_1_115' title='bbox 997 1153 1157 1194; x_wconf 91' lang='lat' dir='ltr'>etiam</span> <span class='ocrx_word' id='word_1_116' title='bbox 1180 1154 1441 1195; x_wconf 92' lang='lat' dir='ltr'>minorem</span> <span class='ocrx_word' id='word_1_117' title='bbox 1462 1166 1577 1196; x_wconf 88' lang='lat' dir='ltr'>esse</span> <span class='ocrx_word' id='word_1_118' title='bbox 1595 1188 1603 1196; x_wconf 92' lang='lat'>.</span> <span class='ocrx_word' id='word_1_119' title='bbox 1625 1188 1633 1196; x_wconf 91' lang='lat'>.</span> <span class='ocrx_word' id='word_1_120' title='bbox 1654 1188 1662 1196; x_wconf 81' lang='grc'><strong>.</strong></span> <span class='ocrx_word' id='word_1_121' title='bbox 1681 1155 1731 1197; x_wconf 91' lang='lat' dir='ltr'>Si</span> <span class='ocrx_word' id='word_1_122' title='bbox 1751 1158 2034 1209; x_wconf 84' lang='lat' dir='ltr'>parallaxis</span> <span class='ocrx_word' id='word_1_123' title='bbox 2056 1162 2347 1203; x_wconf 89' lang='lat' dir='ltr'>secundum</span> 
     </span>
     <span class='ocr_line' id='line_1_13' title="bbox 158 1222 2346 1284; baseline 0.005 -20"><span class='ocrx_word' id='word_1_124' title='bbox 158 1223 509 1276; x_wconf 91' lang='lat' dir='ltr'>Copernicum</span> <span class='ocrx_word' id='word_1_125' title='bbox 531 1222 860 1273; x_wconf 89' lang='lat' dir='ltr'>adhibeatur,</span> <span class='ocrx_word' id='word_1_126' title='bbox 877 1224 1033 1277; x_wconf 92' lang='lat' dir='ltr'>plane</span> <span class='ocrx_word' id='word_1_127' title='bbox 1054 1224 1362 1266; x_wconf 88' lang='lat' dir='ltr'>stationaria</span> <span class='ocrx_word' id='word_1_128' title='bbox 1383 1226 1531 1267; x_wconf 89' lang='lat' dir='ltr'>stella</span> <span class='ocrx_word' id='word_1_129' title='bbox 1554 1227 1588 1279; x_wconf 67' lang='lat' dir='ltr'>Q</span> <span class='ocrx_word' id='word_1_130' title='bbox 1609 1227 1718 1275; x_wconf 89' lang='lat' dir='ltr'>erit,</span> <span class='ocrx_word' id='word_1_131' title='bbox 1736 1238 1858 1268; x_wconf 92' lang='lat' dir='ltr'>cum</span> <span class='ocrx_word' id='word_1_132' title='bbox 1879 1232 2058 1271; x_wconf 88' lang='lat' dir='ltr'>tamen</span> <span class='ocrx_word' id='word_1_133' title='bbox 2078 1233 2346 1284; x_wconf 85' lang='lat' dir='ltr'>proportio</span> 
     </span>
     <span class='ocr_line' id='line_1_14' title="bbox 158 1293 2344 1356; baseline 0.004 -21"><span class='ocrx_word' id='word_1_134' title='bbox 158 1297 335 1336; x_wconf 92' lang='lat' dir='ltr'>motus</span> <span class='ocrx_word' id='word_1_135' title='bbox 356 1293 526 1336; x_wconf 91' lang='lat' dir='ltr'>diurni</span> <span class='ocrx_word' id='word_1_136' title='bbox 539 1305 705 1336; x_wconf 90' lang='lat' dir='ltr'>unum</span> <span class='ocrx_word' id='word_1_137' title='bbox 727 1294 794 1336; x_wconf 88' lang='lat' dir='ltr'>ad</span> <span class='ocrx_word' id='word_1_138' title='bbox 816 1294 1095 1336; x_wconf 90' lang='lat' dir='ltr'>minimum</span> <span class='ocrx_word' id='word_1_139' title='bbox 1111 1295 1372 1337; x_wconf 90' lang='lat' dir='ltr'>minutum</span> <span class='ocrx_word' id='word_1_140' title='bbox 1383 1297 1532 1350; x_wconf 77' lang='lat' dir='ltr'>Juxta</span> <span class='ocrx_word' id='word_1_141' title='bbox 1547 1297 1878 1339; x_wconf 89' lang='lat' dir='ltr'>intervallum</span> <span class='ocrx_word' id='word_1_142' title='bbox 1893 1302 2145 1353; x_wconf 89' lang='lat' dir='ltr'>temporis</span> <span class='ocrx_word' id='word_1_143' title='bbox 2161 1302 2344 1356; x_wconf 89' lang='lat' dir='ltr'>exigat.</span> 
     </span>
     <span class='ocr_line' id='line_1_15' title="bbox 158 1364 1446 1419; baseline -0.001 -13"><span class='ocrx_word' id='word_1_144' title='bbox 158 1365 259 1407; x_wconf 87' lang='lat' dir='ltr'>Sed</span> <span class='ocrx_word' id='word_1_145' title='bbox 279 1365 400 1407; x_wconf 90' lang='lat' dir='ltr'>vide</span> <span class='ocrx_word' id='word_1_146' title='bbox 421 1364 821 1407; x_wconf 89' lang='lat' dir='ltr'>observationes</span> <span class='ocrx_word' id='word_1_147' title='bbox 842 1369 893 1407; x_wconf 91' lang='lat' dir='ltr'>et</span> <span class='ocrx_word' id='word_1_148' title='bbox 913 1365 997 1408; x_wconf 88' lang='lat' dir='ltr'>fac</span> <span class='ocrx_word' id='word_1_149' title='bbox 1019 1365 1089 1407; x_wconf 95' lang='lat' dir='ltr'>ibi</span> <span class='ocrx_word' id='word_1_150' title='bbox 1109 1366 1446 1419; x_wconf 89' lang='lat' dir='ltr'>periculum.«</span> 
     </span>
    </p>

    <p class='ocr_par' dir='ltr' id='par_1_4' title="bbox 154 1436 2348 2048">
     <span class='ocr_line' id='line_1_16' title="bbox 217 1436 2348 1496; baseline 0.004 -19"><span class='ocrx_word' id='word_1_151' title='bbox 217 1436 517 1478; x_wconf 91' lang='lat' dir='ltr'>Dolendum</span> <span class='ocrx_word' id='word_1_152' title='bbox 539 1439 632 1487; x_wconf 91' lang='lat' dir='ltr'>est,</span> <span class='ocrx_word' id='word_1_153' title='bbox 655 1437 798 1489; x_wconf 92' lang='lat' dir='ltr'>quod</span> <span class='ocrx_word' id='word_1_154' title='bbox 817 1436 1000 1490; x_wconf 90' lang='lat' dir='ltr'>Tycho</span> <span class='ocrx_word' id='word_1_155' title='bbox 1021 1448 1137 1478; x_wconf 91' lang='lat' dir='ltr'>rem</span> <span class='ocrx_word' id='word_1_156' title='bbox 1158 1448 1264 1479; x_wconf 93' lang='lat' dir='ltr'>non</span> <span class='ocrx_word' id='word_1_157' title='bbox 1283 1438 1498 1479; x_wconf 91' lang='lat' dir='ltr'>ulterius</span> <span class='ocrx_word' id='word_1_158' title='bbox 1519 1442 1824 1491; x_wconf 91' lang='lat' dir='ltr'>persecutus</span> <span class='ocrx_word' id='word_1_159' title='bbox 1846 1444 1937 1482; x_wconf 90' lang='lat' dir='ltr'>est.</span> <span class='ocrx_word' id='word_1_160' title='bbox 1962 1441 2019 1482; x_wconf 94' lang='lat' dir='ltr'>In</span> <span class='ocrx_word' id='word_1_161' title='bbox 2039 1443 2192 1496; x_wconf 91' lang='lat' dir='ltr'>longa</span> <span class='ocrx_word' id='word_1_162' title='bbox 2215 1444 2348 1485; x_wconf 88' lang='lat' dir='ltr'>Mar-</span> 
     </span>
     <span class='ocr_line' id='line_1_17' title="bbox 155 1506 2347 1561; baseline 0.003 -12"><span class='ocrx_word' id='word_1_163' title='bbox 155 1507 220 1549; x_wconf 91' lang='lat' dir='ltr'>tis</span> <span class='ocrx_word' id='word_1_164' title='bbox 242 1506 677 1549; x_wconf 87' lang='lat' dir='ltr'>observationum</span> <span class='ocrx_word' id='word_1_165' title='bbox 691 1507 840 1558; x_wconf 90' lang='lat' dir='ltr'>serie,</span> <span class='ocrx_word' id='word_1_166' title='bbox 859 1519 979 1561; x_wconf 87' lang='lat' dir='ltr'>quae</span> <span class='ocrx_word' id='word_1_167' title='bbox 995 1520 1025 1550; x_wconf 91' lang='lat' dir='ltr'>a</span> <span class='ocrx_word' id='word_1_168' title='bbox 1042 1519 1224 1550; x_wconf 90' lang='lat' dir='ltr'>mense</span> <span class='ocrx_word' id='word_1_169' title='bbox 1235 1508 1261 1558; x_wconf 91' lang='lat' dir='ltr'>J</span> <span class='ocrx_word' id='word_1_170' title='bbox 1265 1508 1388 1550; x_wconf 93' lang='lat' dir='ltr'>unio</span> <span class='ocrx_word' id='word_1_171' title='bbox 1405 1508 1527 1550; x_wconf 90' lang='lat' dir='ltr'>anni</span> <span class='ocrx_word' id='word_1_172' title='bbox 1546 1508 1656 1550; x_wconf 87' lang='lat'>1593</span> <span class='ocrx_word' id='word_1_173' title='bbox 1673 1510 1739 1551; x_wconf 90' lang='lat' dir='ltr'>ad</span> <span class='ocrx_word' id='word_1_174' title='bbox 1756 1521 1993 1552; x_wconf 90' lang='lat' dir='ltr'>mensem</span> <span class='ocrx_word' id='word_1_175' title='bbox 2009 1512 2347 1557; x_wconf 90' lang='lat' dir='ltr'>Februarium</span> 
     </span>
     <span class='ocr_line' id='line_1_18' title="bbox 157 1577 2344 1634; baseline 0.003 -14"><span class='ocrx_word' id='word_1_176' title='bbox 157 1578 280 1620; x_wconf 91' lang='lat' dir='ltr'>anni</span> <span class='ocrx_word' id='word_1_177' title='bbox 305 1577 417 1620; x_wconf 89' lang='lat'>1594</span> <span class='ocrx_word' id='word_1_178' title='bbox 442 1578 691 1621; x_wconf 83' lang='lat' dir='ltr'>institutae</span> <span class='ocrx_word' id='word_1_179' title='bbox 718 1582 854 1630; x_wconf 88' lang='lat' dir='ltr'>sunt,</span> <span class='ocrx_word' id='word_1_180' title='bbox 876 1579 1171 1632; x_wconf 86' lang='lat' dir='ltr'>parallaxin</span> <span class='ocrx_word' id='word_1_181' title='bbox 1198 1579 1352 1634; x_wconf 92' lang='lat' dir='ltr'>hujus</span> <span class='ocrx_word' id='word_1_182' title='bbox 1378 1580 1606 1633; x_wconf 88' lang='lat' dir='ltr'>planetae</span> <span class='ocrx_word' id='word_1_183' title='bbox 1633 1580 1865 1622; x_wconf 90' lang='lat' dir='ltr'>invenire</span> <span class='ocrx_word' id='word_1_184' title='bbox 1886 1585 2107 1625; x_wconf 91' lang='lat' dir='ltr'>conatus</span> <span class='ocrx_word' id='word_1_185' title='bbox 2128 1596 2232 1626; x_wconf 94' lang='lat' dir='ltr'>non</span> <span class='ocrx_word' id='word_1_186' title='bbox 2253 1589 2344 1627; x_wconf 91' lang='lat' dir='ltr'>est.</span> 
     </span>
     <span class='ocr_line' id='line_1_19' title="bbox 155 1649 2347 1708; baseline 0.003 -18"><span class='ocrx_word' id='word_1_187' title='bbox 155 1649 236 1691; x_wconf 88' lang='lat' dir='ltr'>Ad</span> <span class='ocrx_word' id='word_1_188' title='bbox 266 1649 407 1692; x_wconf 94' lang='lat' dir='ltr'>diem</span> <span class='ocrx_word' id='word_1_189' title='bbox 438 1649 485 1691; x_wconf 94' lang='lat' dir='ltr'>ll</span> <span class='ocrx_word' id='word_1_190' title='bbox 517 1649 714 1691; x_wconf 91' lang='lat' dir='ltr'>mensis</span> <span class='ocrx_word' id='word_1_191' title='bbox 745 1649 1056 1692; x_wconf 89' lang='lat' dir='ltr'>Decembris</span> <span class='ocrx_word' id='word_1_192' title='bbox 1088 1650 1210 1692; x_wconf 92' lang='lat' dir='ltr'>anni</span> <span class='ocrx_word' id='word_1_193' title='bbox 1240 1650 1352 1692; x_wconf 88' lang='lat'>1594</span> <span class='ocrx_word' id='word_1_194' title='bbox 1383 1653 1694 1693; x_wconf 89' lang='lat' dir='ltr'>annotatum</span> <span class='ocrx_word' id='word_1_195' title='bbox 1725 1654 1817 1701; x_wconf 86' lang='lat' dir='ltr'>est,</span> <span class='ocrx_word' id='word_1_196' title='bbox 1847 1663 1951 1694; x_wconf 93' lang='lat' dir='ltr'>non</span> <span class='ocrx_word' id='word_1_197' title='bbox 1979 1655 2159 1695; x_wconf 92' lang='lat' dir='ltr'>tamen</span> <span class='ocrx_word' id='word_1_198' title='bbox 2188 1655 2347 1708; x_wconf 89' lang='lat' dir='ltr'>ipsius</span> 
     </span>
     <span class='ocr_line' id='line_1_20' title="bbox 155 1720 2345 1777; baseline 0.003 -16"><span class='ocrx_word' id='word_1_199' title='bbox 155 1720 420 1774; x_wconf 88' lang='lat' dir='ltr'>Tychonis</span> <span class='ocrx_word' id='word_1_200' title='bbox 454 1732 632 1771; x_wconf 92' lang='lat' dir='ltr'>manu,</span> <span class='ocrx_word' id='word_1_201' title='bbox 654 1720 934 1772; x_wconf 86' lang='lat' dir='ltr'>Venerem,</span> <span class='ocrx_word' id='word_1_202' title='bbox 966 1733 1086 1774; x_wconf 88' lang='lat' dir='ltr'>quae</span> <span class='ocrx_word' id='word_1_203' title='bbox 1118 1724 1233 1763; x_wconf 91' lang='lat' dir='ltr'>tum</span> <span class='ocrx_word' id='word_1_204' title='bbox 1265 1722 1317 1763; x_wconf 92' lang='lat' dir='ltr'>in</span> <span class='ocrx_word' id='word_1_205' title='bbox 1350 1722 1586 1764; x_wconf 88' lang='lat' dir='ltr'>maxima</span> <span class='ocrx_word' id='word_1_206' title='bbox 1620 1723 1947 1776; x_wconf 89' lang='lat' dir='ltr'>elongatione</span> <span class='ocrx_word' id='word_1_207' title='bbox 1981 1736 2011 1765; x_wconf 94' lang='lat' dir='ltr'>a</span> <span class='ocrx_word' id='word_1_208' title='bbox 2044 1724 2162 1766; x_wconf 91' lang='lat' dir='ltr'>Sole</span> <span class='ocrx_word' id='word_1_209' title='bbox 2194 1730 2345 1777; x_wconf 88' lang='lat' dir='ltr'>esset,</span> 
     </span>
     <span class='ocr_line' id='line_1_21' title="bbox 156 1792 2347 1845; baseline 0.002 -12"><span class='ocrx_word' id='word_1_210' title='bbox 156 1792 383 1834; x_wconf 91' lang='lat' dir='ltr'>eandem</span> <span class='ocrx_word' id='word_1_211' title='bbox 422 1804 585 1845; x_wconf 91' lang='lat' dir='ltr'>quam</span> <span class='ocrx_word' id='word_1_212' title='bbox 623 1792 770 1834; x_wconf 91' lang='lat' dir='ltr'>illum</span> <span class='ocrx_word' id='word_1_213' title='bbox 808 1792 1103 1845; x_wconf 88' lang='lat' dir='ltr'>parallaxin</span> <span class='ocrx_word' id='word_1_214' title='bbox 1142 1792 1354 1835; x_wconf 91' lang='lat' dir='ltr'>habere.</span> <span class='ocrx_word' id='word_1_215' title='bbox 1385 1793 1528 1835; x_wconf 91' lang='lat' dir='ltr'>Tunc</span> <span class='ocrx_word' id='word_1_216' title='bbox 1562 1804 1689 1835; x_wconf 93' lang='lat' dir='ltr'>vero</span> <span class='ocrx_word' id='word_1_217' title='bbox 1711 1792 1888 1835; x_wconf 89' lang='lat' dir='ltr'>Venus</span> <span class='ocrx_word' id='word_1_218' title='bbox 1920 1794 1971 1835; x_wconf 93' lang='lat' dir='ltr'>in</span> <span class='ocrx_word' id='word_1_219' title='bbox 2004 1795 2347 1839; x_wconf 88' lang='lat' dir='ltr'>declinatione</span> 
     </span>
     <span class='ocr_line' id='line_1_22' title="bbox 156 1863 2348 1917; baseline 0.002 -13"><span class='ocrx_word' id='word_1_220' title='bbox 156 1863 487 1905; x_wconf 91' lang='lat' dir='ltr'>meridionali</span> <span class='ocrx_word' id='word_1_221' title='bbox 511 1863 588 1905; x_wconf 89' lang='lat'>15⁰</span> <span class='ocrx_word' id='word_1_222' title='bbox 608 1866 737 1914; x_wconf 91' lang='lat' dir='ltr'>erat,</span> <span class='ocrx_word' id='word_1_223' title='bbox 761 1873 875 1913; x_wconf 88' lang='lat' dir='ltr'>nec,</span> <span class='ocrx_word' id='word_1_224' title='bbox 898 1863 1033 1906; x_wconf 91' lang='lat' dir='ltr'>sicut</span> <span class='ocrx_word' id='word_1_225' title='bbox 1054 1875 1193 1906; x_wconf 91' lang='lat' dir='ltr'>anno</span> <span class='ocrx_word' id='word_1_226' title='bbox 1220 1863 1346 1915; x_wconf 85' lang='lat'>1590,</span> <span class='ocrx_word' id='word_1_227' title='bbox 1370 1865 1564 1906; x_wconf 88' lang='lat' dir='ltr'>multas</span> <span class='ocrx_word' id='word_1_228' title='bbox 1584 1875 1677 1917; x_wconf 93' lang='lat' dir='ltr'>per</span> <span class='ocrx_word' id='word_1_229' title='bbox 1697 1864 1858 1906; x_wconf 88' lang='lat' dir='ltr'>horas</span> <span class='ocrx_word' id='word_1_230' title='bbox 1879 1866 2154 1908; x_wconf 88' lang='lat' dir='ltr'>continuas</span> <span class='ocrx_word' id='word_1_231' title='bbox 2175 1866 2348 1909; x_wconf 89' lang='lat' dir='ltr'>obser-</span> 
     </span>
     <span class='ocr_line' id='line_1_23' title="bbox 154 1934 2347 1991; baseline 0.001 -15"><span class='ocrx_word' id='word_1_232' title='bbox 154 1934 269 1976; x_wconf 91' lang='lat' dir='ltr'>vari</span> <span class='ocrx_word' id='word_1_233' title='bbox 287 1937 509 1988; x_wconf 88' lang='lat' dir='ltr'>poterat.</span> <span class='ocrx_word' id='word_1_234' title='bbox 528 1934 891 1989; x_wconf 87' lang='lat' dir='ltr'>Ingruentibus</span> <span class='ocrx_word' id='word_1_235' title='bbox 907 1934 1019 1976; x_wconf 88' lang='lat' dir='ltr'>aliis</span> <span class='ocrx_word' id='word_1_236' title='bbox 1034 1935 1252 1989; x_wconf 88' lang='lat' dir='ltr'>negotiis</span> <span class='ocrx_word' id='word_1_237' title='bbox 1266 1946 1351 1978; x_wconf 92' lang='lat' dir='ltr'>res</span> <span class='ocrx_word' id='word_1_238' title='bbox 1366 1935 1527 1978; x_wconf 90' lang='lat' dir='ltr'>dilata</span> <span class='ocrx_word' id='word_1_239' title='bbox 1542 1946 1657 1977; x_wconf 89' lang='lat' dir='ltr'>esse</span> <span class='ocrx_word' id='word_1_240' title='bbox 1671 1935 1892 1985; x_wconf 90' lang='lat' dir='ltr'>videtur,</span> <span class='ocrx_word' id='word_1_241' title='bbox 1909 1947 2078 1989; x_wconf 91' lang='lat' dir='ltr'>neque</span> <span class='ocrx_word' id='word_1_242' title='bbox 2092 1949 2347 1991; x_wconf 91' lang='lat' dir='ltr'>umquam</span> 
     </span>
     <span class='ocr_line' id='line_1_24' title="bbox 154 2005 1971 2048; baseline 0.002 -1"><span class='ocrx_word' id='word_1_243' title='bbox 154 2005 348 2048; x_wconf 90' lang='lat' dir='ltr'>intente</span> <span class='ocrx_word' id='word_1_244' title='bbox 367 2008 596 2048; x_wconf 88' lang='lat' dir='ltr'>tractata</span> <span class='ocrx_word' id='word_1_245' title='bbox 617 2008 709 2048; x_wconf 91' lang='lat' dir='ltr'>est.</span> <span class='ocrx_word' id='word_1_246' title='bbox 1969 2009 1971 2012; x_wconf 76' lang='grc'><strong>”</strong></span> 
     </span>
    </p>

    <p class='ocr_par' dir='ltr' id='par_1_5' title="bbox 153 2076 2348 3265">
     <span class='ocr_line' id='line_1_25' title="bbox 215 2076 2348 2131; baseline 0.001 -12"><span class='ocrx_word' id='word_1_247' title='bbox 215 2076 331 2119; x_wconf 87' lang='lat' dir='ltr'>Hac</span> <span class='ocrx_word' id='word_1_248' title='bbox 353 2077 468 2119; x_wconf 90' lang='lat' dir='ltr'>sola</span> <span class='ocrx_word' id='word_1_249' title='bbox 494 2077 546 2118; x_wconf 92' lang='lat' dir='ltr'>in</span> <span class='ocrx_word' id='word_1_250' title='bbox 573 2087 630 2119; x_wconf 92' lang='lat' dir='ltr'>re</span> <span class='ocrx_word' id='word_1_251' title='bbox 649 2076 832 2130; x_wconf 91' lang='lat' dir='ltr'>Tycho</span> <span class='ocrx_word' id='word_1_252' title='bbox 853 2076 1211 2119; x_wconf 91' lang='lat' dir='ltr'>inventionem</span> <span class='ocrx_word' id='word_1_253' title='bbox 1231 2077 1475 2130; x_wconf 92' lang='lat' dir='ltr'>persequi</span> <span class='ocrx_word' id='word_1_254' title='bbox 1496 2077 1734 2131; x_wconf 85' lang='lat' dir='ltr'>neglexit,</span> <span class='ocrx_word' id='word_1_255' title='bbox 1758 2078 1825 2119; x_wconf 92' lang='lat' dir='ltr'>ad</span> <span class='ocrx_word' id='word_1_256' title='bbox 1847 2090 2008 2131; x_wconf 88' lang='lat' dir='ltr'>quam</span> <span class='ocrx_word' id='word_1_257' title='bbox 2030 2078 2348 2122; x_wconf 87' lang='lat' dir='ltr'>observatio-</span> 
     </span>
     <span class='ocr_line' id='line_1_26' title="bbox 154 2147 2348 2203; baseline 0.001 -14"><span class='ocrx_word' id='word_1_258' title='bbox 154 2158 247 2190; x_wconf 91' lang='lat' dir='ltr'>nes</span> <span class='ocrx_word' id='word_1_259' title='bbox 273 2148 383 2202; x_wconf 91' lang='lat' dir='ltr'>ejus</span> <span class='ocrx_word' id='word_1_260' title='bbox 403 2148 549 2190; x_wconf 91' lang='lat' dir='ltr'>viam</span> <span class='ocrx_word' id='word_1_261' title='bbox 576 2147 961 2190; x_wconf 84' lang='lat' dir='ltr'>monstrabant.</span> <span class='ocrx_word' id='word_1_262' title='bbox 993 2147 1131 2190; x_wconf 89' lang='lat' dir='ltr'>Nam</span> <span class='ocrx_word' id='word_1_263' title='bbox 1157 2160 1383 2202; x_wconf 89' lang='lat' dir='ltr'>semper,</span> <span class='ocrx_word' id='word_1_264' title='bbox 1413 2149 1536 2202; x_wconf 94' lang='lat' dir='ltr'>quid</span> <span class='ocrx_word' id='word_1_265' title='bbox 1564 2149 1649 2191; x_wconf 87' lang='lat' dir='ltr'>hae</span> <span class='ocrx_word' id='word_1_266' title='bbox 1676 2148 2043 2202; x_wconf 89' lang='lat' dir='ltr'>significarent,</span> <span class='ocrx_word' id='word_1_267' title='bbox 2072 2150 2213 2191; x_wconf 90' lang='lat' dir='ltr'>clare</span> <span class='ocrx_word' id='word_1_268' title='bbox 2238 2161 2348 2203; x_wconf 85' lang='lat' dir='ltr'>per-</span> 
     </span>
     <span class='ocr_line' id='line_1_27' title="bbox 155 2219 2347 2273; baseline 0 -12"><span class='ocrx_word' id='word_1_269' title='bbox 155 2219 425 2272; x_wconf 87' lang='lat' dir='ltr'>spiciebat,</span> <span class='ocrx_word' id='word_1_270' title='bbox 442 2222 494 2261; x_wconf 93' lang='lat' dir='ltr'>et</span> <span class='ocrx_word' id='word_1_271' title='bbox 513 2219 651 2261; x_wconf 89' lang='lat' dir='ltr'>hanc</span> <span class='ocrx_word' id='word_1_272' title='bbox 673 2220 841 2273; x_wconf 89' lang='lat' dir='ltr'>legem</span> <span class='ocrx_word' id='word_1_273' title='bbox 863 2219 960 2261; x_wconf 91' lang='lat' dir='ltr'>sibi</span> <span class='ocrx_word' id='word_1_274' title='bbox 982 2219 1048 2261; x_wconf 94' lang='lat' dir='ltr'>ab</span> <span class='ocrx_word' id='word_1_275' title='bbox 1071 2220 1429 2262; x_wconf 88' lang='lat' dir='ltr'>adulescentia</span> <span class='ocrx_word' id='word_1_276' title='bbox 1449 2222 1714 2273; x_wconf 87' lang='lat' dir='ltr'>posuerat,</span> <span class='ocrx_word' id='word_1_277' title='bbox 1731 2222 1787 2261; x_wconf 93' lang='lat' dir='ltr'>ut</span> <span class='ocrx_word' id='word_1_278' title='bbox 1808 2220 2203 2262; x_wconf 90' lang='lat' dir='ltr'>observationes</span> <span class='ocrx_word' id='word_1_279' title='bbox 2224 2232 2347 2262; x_wconf 91' lang='lat' dir='ltr'>cum</span> 
     </span>
     <span class='ocr_line' id='line_1_28' title="bbox 153 2290 2347 2344; baseline 0 -12"><span class='ocrx_word' id='word_1_280' title='bbox 153 2290 345 2332; x_wconf 89' lang='lat' dir='ltr'>tabulis</span> <span class='ocrx_word' id='word_1_281' title='bbox 366 2293 720 2344; x_wconf 90' lang='lat' dir='ltr'>compararet,</span> <span class='ocrx_word' id='word_1_282' title='bbox 738 2290 880 2343; x_wconf 91' lang='lat' dir='ltr'>quod</span> <span class='ocrx_word' id='word_1_283' title='bbox 901 2290 973 2332; x_wconf 87' lang='lat' dir='ltr'>ita</span> <span class='ocrx_word' id='word_1_284' title='bbox 993 2290 1107 2332; x_wconf 90' lang='lat' dir='ltr'>fieri</span> <span class='ocrx_word' id='word_1_285' title='bbox 1128 2291 1348 2342; x_wconf 87' lang='lat' dir='ltr'>solebat,</span> <span class='ocrx_word' id='word_1_286' title='bbox 1364 2294 1421 2333; x_wconf 91' lang='lat' dir='ltr'>ut</span> <span class='ocrx_word' id='word_1_287' title='bbox 1442 2302 1507 2333; x_wconf 86' lang='lat' dir='ltr'>ex</span> <span class='ocrx_word' id='word_1_288' title='bbox 1528 2291 1812 2333; x_wconf 88' lang='lat' dir='ltr'>observata</span> <span class='ocrx_word' id='word_1_289' title='bbox 1833 2292 2059 2344; x_wconf 85' lang='lat' dir='ltr'>planetae</span> <span class='ocrx_word' id='word_1_290' title='bbox 2082 2291 2347 2333; x_wconf 90' lang='lat' dir='ltr'>altitudine</span> 
     </span>
     <span class='ocr_line' id='line_1_29' title="bbox 154 2361 2344 2415; baseline 0.001 -13"><span class='ocrx_word' id='word_1_291' title='bbox 154 2361 447 2404; x_wconf 90' lang='lat' dir='ltr'>meridiana</span> <span class='ocrx_word' id='word_1_292' title='bbox 473 2361 652 2403; x_wconf 90' lang='lat' dir='ltr'>statim</span> <span class='ocrx_word' id='word_1_293' title='bbox 679 2361 959 2403; x_wconf 90' lang='lat' dir='ltr'>declinatio</span> <span class='ocrx_word' id='word_1_294' title='bbox 981 2362 1312 2415; x_wconf 91' lang='lat' dir='ltr'>reperiretur,</span> <span class='ocrx_word' id='word_1_295' title='bbox 1336 2374 1440 2415; x_wconf 93' lang='lat' dir='ltr'>quo</span> <span class='ocrx_word' id='word_1_296' title='bbox 1461 2362 1604 2404; x_wconf 87' lang='lat' dir='ltr'>facto</span> <span class='ocrx_word' id='word_1_297' title='bbox 1626 2374 1691 2404; x_wconf 87' lang='lat' dir='ltr'>ex</span> <span class='ocrx_word' id='word_1_298' title='bbox 1712 2362 1812 2404; x_wconf 90' lang='lat' dir='ltr'>hac</span> <span class='ocrx_word' id='word_1_299' title='bbox 1834 2375 1939 2404; x_wconf 92' lang='lat' dir='ltr'>una</span> <span class='ocrx_word' id='word_1_300' title='bbox 1961 2374 2083 2404; x_wconf 93' lang='lat' dir='ltr'>cum</span> <span class='ocrx_word' id='word_1_301' title='bbox 2105 2362 2344 2405; x_wconf 87' lang='lat' dir='ltr'>distantia</span> 
     </span>
     <span class='ocr_line' id='line_1_30' title="bbox 155 2432 2347 2487; baseline 0.001 -14"><span class='ocrx_word' id='word_1_302' title='bbox 155 2432 222 2474; x_wconf 88' lang='lat' dir='ltr'>ab</span> <span class='ocrx_word' id='word_1_303' title='bbox 250 2432 426 2485; x_wconf 91' lang='lat' dir='ltr'>aliqua</span> <span class='ocrx_word' id='word_1_304' title='bbox 453 2433 603 2474; x_wconf 92' lang='lat' dir='ltr'>stella</span> <span class='ocrx_word' id='word_1_305' title='bbox 629 2432 737 2474; x_wconf 86' lang='lat' dir='ltr'>fixa</span> <span class='ocrx_word' id='word_1_306' title='bbox 759 2435 917 2485; x_wconf 91' lang='lat' dir='ltr'>atque</span> <span class='ocrx_word' id='word_1_307' title='bbox 937 2432 1091 2487; x_wconf 91' lang='lat' dir='ltr'>hujus</span> <span class='ocrx_word' id='word_1_308' title='bbox 1112 2433 1461 2475; x_wconf 89' lang='lat' dir='ltr'>declinatione</span> <span class='ocrx_word' id='word_1_309' title='bbox 1483 2433 1691 2487; x_wconf 91' lang='lat' dir='ltr'>cognita</span> <span class='ocrx_word' id='word_1_310' title='bbox 1712 2433 2005 2475; x_wconf 83' lang='lat' dir='ltr'>differentia</span> <span class='ocrx_word' id='word_1_311' title='bbox 2028 2434 2347 2476; x_wconf 85' lang='lat' dir='ltr'>ascensionis</span> 
     </span>
     <span class='ocr_line' id='line_1_31' title="bbox 154 2502 2347 2558; baseline 0.001 -14"><span class='ocrx_word' id='word_1_312' title='bbox 154 2505 316 2546; x_wconf 85' lang='lat' dir='ltr'>rectae</span> <span class='ocrx_word' id='word_1_313' title='bbox 343 2502 476 2545; x_wconf 92' lang='lat' dir='ltr'>inter</span> <span class='ocrx_word' id='word_1_314' title='bbox 502 2504 772 2557; x_wconf 91' lang='lat' dir='ltr'>planetam</span> <span class='ocrx_word' id='word_1_315' title='bbox 800 2506 850 2545; x_wconf 91' lang='lat' dir='ltr'>et</span> <span class='ocrx_word' id='word_1_316' title='bbox 877 2504 1086 2545; x_wconf 88' lang='lat' dir='ltr'>stellam</span> <span class='ocrx_word' id='word_1_317' title='bbox 1112 2504 1327 2546; x_wconf 90' lang='lat' dir='ltr'>calculis</span> <span class='ocrx_word' id='word_1_318' title='bbox 1354 2504 1569 2558; x_wconf 90' lang='lat' dir='ltr'>reperiri</span> <span class='ocrx_word' id='word_1_319' title='bbox 1594 2507 1816 2557; x_wconf 91' lang='lat' dir='ltr'>poterat,</span> <span class='ocrx_word' id='word_1_320' title='bbox 1840 2516 1959 2557; x_wconf 86' lang='lat' dir='ltr'>quae</span> <span class='ocrx_word' id='word_1_321' title='bbox 1986 2504 2278 2546; x_wconf 84' lang='lat' dir='ltr'>differentia</span> <span class='ocrx_word' id='word_1_322' title='bbox 2305 2505 2347 2546; x_wconf 92' lang='lat' dir='ltr'>si</span> 
     </span>
     <span class='ocr_line' id='line_1_32' title="bbox 155 2573 2347 2629; baseline 0 -14"><span class='ocrx_word' id='word_1_323' title='bbox 155 2573 450 2616; x_wconf 90' lang='lat' dir='ltr'>addebatur</span> <span class='ocrx_word' id='word_1_324' title='bbox 476 2575 642 2617; x_wconf 87' lang='lat' dir='ltr'>stellae</span> <span class='ocrx_word' id='word_1_325' title='bbox 670 2574 966 2617; x_wconf 90' lang='lat' dir='ltr'>ascensioni</span> <span class='ocrx_word' id='word_1_326' title='bbox 992 2577 1170 2625; x_wconf 88' lang='lat' dir='ltr'>rectae,</span> <span class='ocrx_word' id='word_1_327' title='bbox 1193 2575 1356 2617; x_wconf 91' lang='lat' dir='ltr'>dabat</span> <span class='ocrx_word' id='word_1_328' title='bbox 1382 2576 1608 2629; x_wconf 85' lang='lat' dir='ltr'>planetae</span> <span class='ocrx_word' id='word_1_329' title='bbox 1637 2575 2003 2617; x_wconf 89' lang='lat' dir='ltr'>ascensionem</span> <span class='ocrx_word' id='word_1_330' title='bbox 2030 2578 2253 2625; x_wconf 90' lang='lat' dir='ltr'>rectam;</span> <span class='ocrx_word' id='word_1_331' title='bbox 2283 2587 2347 2617; x_wconf 86' lang='lat' dir='ltr'>ex</span> 
     </span>
     <span class='ocr_line' id='line_1_33' title="bbox 154 2644 2347 2700; baseline 0.001 -14"><span class='ocrx_word' id='word_1_332' title='bbox 154 2644 256 2687; x_wconf 91' lang='lat' dir='ltr'>hac</span> <span class='ocrx_word' id='word_1_333' title='bbox 278 2645 501 2698; x_wconf 91' lang='lat' dir='ltr'>denique</span> <span class='ocrx_word' id='word_1_334' title='bbox 522 2649 573 2687; x_wconf 92' lang='lat' dir='ltr'>et</span> <span class='ocrx_word' id='word_1_335' title='bbox 593 2645 941 2688; x_wconf 90' lang='lat' dir='ltr'>declinatione</span> <span class='ocrx_word' id='word_1_336' title='bbox 963 2646 1229 2700; x_wconf 89' lang='lat' dir='ltr'>longitudo</span> <span class='ocrx_word' id='word_1_337' title='bbox 1252 2649 1409 2699; x_wconf 91' lang='lat' dir='ltr'>atque</span> <span class='ocrx_word' id='word_1_338' title='bbox 1424 2646 1643 2688; x_wconf 91' lang='lat' dir='ltr'>latitudo</span> <span class='ocrx_word' id='word_1_339' title='bbox 1659 2647 1886 2699; x_wconf 84' lang='lat' dir='ltr'>planetae</span> <span class='ocrx_word' id='word_1_340' title='bbox 1901 2645 2115 2688; x_wconf 93' lang='lat' dir='ltr'>calculis</span> <span class='ocrx_word' id='word_1_341' title='bbox 2130 2647 2347 2699; x_wconf 90' lang='lat' dir='ltr'>reperie-</span> 
     </span>
     <span class='ocr_line' id='line_1_34' title="bbox 155 2715 2347 2770; baseline 0.001 -13"><span class='ocrx_word' id='word_1_342' title='bbox 155 2715 360 2759; x_wconf 85' lang='lat' dir='ltr'>bantur.</span> <span class='ocrx_word' id='word_1_343' title='bbox 385 2716 486 2759; x_wconf 84' lang='lat' dir='ltr'>Hae</span> <span class='ocrx_word' id='word_1_344' title='bbox 511 2719 692 2758; x_wconf 91' lang='lat' dir='ltr'>tamen</span> <span class='ocrx_word' id='word_1_345' title='bbox 718 2716 998 2766; x_wconf 91' lang='lat' dir='ltr'>interdum,</span> <span class='ocrx_word' id='word_1_346' title='bbox 1022 2728 1145 2759; x_wconf 91' lang='lat' dir='ltr'>cum</span> <span class='ocrx_word' id='word_1_347' title='bbox 1173 2717 1435 2759; x_wconf 67' lang='lat' dir='ltr'>distantiae</span> <span class='ocrx_word' id='word_1_348' title='bbox 1464 2718 1692 2770; x_wconf 86' lang='lat' dir='ltr'>planetae</span> <span class='ocrx_word' id='word_1_349' title='bbox 1714 2729 1745 2758; x_wconf 93' lang='lat' dir='ltr'>a</span> <span class='ocrx_word' id='word_1_350' title='bbox 1766 2716 1970 2758; x_wconf 87' lang='lat' dir='ltr'>duabus</span> <span class='ocrx_word' id='word_1_351' title='bbox 1996 2717 2153 2759; x_wconf 90' lang='lat' dir='ltr'>stellis</span> <span class='ocrx_word' id='word_1_352' title='bbox 2175 2717 2347 2759; x_wconf 90' lang='lat' dir='ltr'>obser-</span> 
     </span>
     <span class='ocr_line' id='line_1_35' title="bbox 153 2787 2346 2841; baseline 0 -12"><span class='ocrx_word' id='word_1_353' title='bbox 153 2790 295 2830; x_wconf 83' lang='lat' dir='ltr'>vatae</span> <span class='ocrx_word' id='word_1_354' title='bbox 327 2790 492 2838; x_wconf 88' lang='lat' dir='ltr'>erant,</span> <span class='ocrx_word' id='word_1_355' title='bbox 527 2798 592 2829; x_wconf 89' lang='lat' dir='ltr'>ex</span> <span class='ocrx_word' id='word_1_356' title='bbox 625 2787 816 2829; x_wconf 91' lang='lat' dir='ltr'>harum</span> <span class='ocrx_word' id='word_1_357' title='bbox 849 2787 1169 2841; x_wconf 86' lang='lat' dir='ltr'>longitudine</span> <span class='ocrx_word' id='word_1_358' title='bbox 1202 2790 1253 2830; x_wconf 94' lang='lat' dir='ltr'>et</span> <span class='ocrx_word' id='word_1_359' title='bbox 1284 2788 1554 2829; x_wconf 89' lang='lat' dir='ltr'>latitudine</span> <span class='ocrx_word' id='word_1_360' title='bbox 1587 2787 1765 2829; x_wconf 91' lang='lat' dir='ltr'>statim</span> <span class='ocrx_word' id='word_1_361' title='bbox 1798 2787 2206 2840; x_wconf 88' lang='lat' dir='ltr'>reperiebantur,</span> <span class='ocrx_word' id='word_1_362' title='bbox 2241 2799 2346 2830; x_wconf 94' lang='lat' dir='ltr'>non</span> 
     </span>
     <span class='ocr_line' id='line_1_36' title="bbox 155 2857 2344 2911; baseline 0 -11"><span class='ocrx_word' id='word_1_363' title='bbox 155 2857 389 2900; x_wconf 85' lang='lat' dir='ltr'>adhibita</span> <span class='ocrx_word' id='word_1_364' title='bbox 411 2858 720 2901; x_wconf 88' lang='lat' dir='ltr'>ascensione</span> <span class='ocrx_word' id='word_1_365' title='bbox 741 2861 902 2900; x_wconf 88' lang='lat' dir='ltr'>recta.</span> <span class='ocrx_word' id='word_1_366' title='bbox 921 2857 1037 2900; x_wconf 89' lang='lat' dir='ltr'>Hac</span> <span class='ocrx_word' id='word_1_367' title='bbox 1059 2859 1173 2900; x_wconf 89' lang='lat' dir='ltr'>sola</span> <span class='ocrx_word' id='word_1_368' title='bbox 1192 2858 1395 2901; x_wconf 91' lang='lat' dir='ltr'>ratione</span> <span class='ocrx_word' id='word_1_369' title='bbox 1407 2858 1588 2911; x_wconf 90' lang='lat' dir='ltr'>Tycho</span> <span class='ocrx_word' id='word_1_370' title='bbox 1610 2858 1662 2899; x_wconf 90' lang='lat' dir='ltr'>in</span> <span class='ocrx_word' id='word_1_371' title='bbox 1683 2858 1848 2900; x_wconf 85' lang='lat' dir='ltr'>Lunae</span> <span class='ocrx_word' id='word_1_372' title='bbox 1871 2861 2018 2900; x_wconf 92' lang='lat' dir='ltr'>motu</span> <span class='ocrx_word' id='word_1_373' title='bbox 2038 2858 2344 2911; x_wconf 89' lang='lat' dir='ltr'>inquirendo</span> 
     </span>
     <span class='ocr_line' id='line_1_37' title="bbox 153 2929 2344 2983; baseline -0 -13"><span class='ocrx_word' id='word_1_374' title='bbox 153 2929 440 2982; x_wconf 93' lang='lat' dir='ltr'>plurimum</span> <span class='ocrx_word' id='word_1_375' title='bbox 470 2929 693 2983; x_wconf 85' lang='lat' dir='ltr'>profecit</span> <span class='ocrx_word' id='word_1_376' title='bbox 725 2932 776 2971; x_wconf 93' lang='lat' dir='ltr'>et</span> <span class='ocrx_word' id='word_1_377' title='bbox 809 2929 1079 2970; x_wconf 90' lang='lat' dir='ltr'><strong>KEPLERI</strong></span> <span class='ocrx_word' id='word_1_378' title='bbox 1114 2929 1359 2982; x_wconf 91' lang='lat' dir='ltr'>operibus</span> <span class='ocrx_word' id='word_1_379' title='bbox 1392 2929 1662 2983; x_wconf 85' lang='lat' dir='ltr'>praeclaris</span> <span class='ocrx_word' id='word_1_380' title='bbox 1694 2929 1838 2970; x_wconf 91' lang='lat' dir='ltr'>viam</span> <span class='ocrx_word' id='word_1_381' title='bbox 1872 2929 2087 2982; x_wconf 90' lang='lat' dir='ltr'>aperuit,</span> <span class='ocrx_word' id='word_1_382' title='bbox 2121 2940 2344 2981; x_wconf 91' lang='lat' dir='ltr'>quorum</span> 
     </span>
     <span class='ocr_line' id='line_1_38' title="bbox 153 2999 2345 3053; baseline -0.001 -11"><span class='ocrx_word' id='word_1_383' title='bbox 153 3003 338 3053; x_wconf 91' lang='lat' dir='ltr'>postea</span> <span class='ocrx_word' id='word_1_384' title='bbox 365 3000 690 3043; x_wconf 91' lang='lat' dir='ltr'>mentionem</span> <span class='ocrx_word' id='word_1_385' title='bbox 716 2999 988 3042; x_wconf 90' lang='lat' dir='ltr'>faciemus.</span> <span class='ocrx_word' id='word_1_386' title='bbox 1011 2999 1099 3041; x_wconf 91' lang='lat' dir='ltr'>Sin</span> <span class='ocrx_word' id='word_1_387' title='bbox 1125 3011 1253 3042; x_wconf 93' lang='lat' dir='ltr'>vero</span> <span class='ocrx_word' id='word_1_388' title='bbox 1280 3000 1471 3042; x_wconf 88' lang='lat' dir='ltr'>diutius</span> <span class='ocrx_word' id='word_1_389' title='bbox 1491 3000 1720 3051; x_wconf 84' lang='lat' dir='ltr'>vixisset,</span> <span class='ocrx_word' id='word_1_390' title='bbox 1743 3000 1960 3042; x_wconf 90' lang='lat' dir='ltr'>dubium</span> <span class='ocrx_word' id='word_1_391' title='bbox 1982 3010 2087 3041; x_wconf 91' lang='lat' dir='ltr'>non</span> <span class='ocrx_word' id='word_1_392' title='bbox 2107 3002 2199 3049; x_wconf 90' lang='lat' dir='ltr'>est,</span> <span class='ocrx_word' id='word_1_393' title='bbox 2223 2999 2345 3051; x_wconf 93' lang='lat' dir='ltr'>quin</span> 
     </span>
     <span class='ocr_line' id='line_1_39' title="bbox 154 3069 2344 3124; baseline -0.001 -12"><span class='ocrx_word' id='word_1_394' title='bbox 154 3070 264 3124; x_wconf 90' lang='lat' dir='ltr'>ipse</span> <span class='ocrx_word' id='word_1_395' title='bbox 283 3070 492 3124; x_wconf 92' lang='lat' dir='ltr'>publice</span> <span class='ocrx_word' id='word_1_396' title='bbox 512 3071 943 3124; x_wconf 88' lang='lat' dir='ltr'>pronuntiaturus</span> <span class='ocrx_word' id='word_1_397' title='bbox 958 3070 1128 3121; x_wconf 85' lang='lat' dir='ltr'>fuerit,</span> <span class='ocrx_word' id='word_1_398' title='bbox 1146 3072 1288 3123; x_wconf 94' lang='lat' dir='ltr'>quod</span> <span class='ocrx_word' id='word_1_399' title='bbox 1310 3071 1502 3124; x_wconf 89' lang='lat' dir='ltr'>Kepler</span> <span class='ocrx_word' id='word_1_400' title='bbox 1515 3073 1701 3124; x_wconf 87' lang='lat' dir='ltr'>postea</span> <span class='ocrx_word' id='word_1_401' title='bbox 1715 3070 2085 3124; x_wconf 90' lang='lat' dir='ltr'>pronuntiavit,</span> <span class='ocrx_word' id='word_1_402' title='bbox 2103 3069 2344 3111; x_wconf 88' lang='lat' dir='ltr'>observa-</span> 
     </span>
     <span class='ocr_line' id='line_1_40' title="bbox 153 3140 2343 3195; baseline -0.001 -13"><span class='ocrx_word' id='word_1_403' title='bbox 153 3140 382 3183; x_wconf 91' lang='lat' dir='ltr'>tionibus</span> <span class='ocrx_word' id='word_1_404' title='bbox 411 3142 518 3184; x_wconf 91' lang='lat' dir='ltr'>suis</span> <span class='ocrx_word' id='word_1_405' title='bbox 548 3141 971 3184; x_wconf 90' lang='lat' dir='ltr'>demonstratum</span> <span class='ocrx_word' id='word_1_406' title='bbox 1002 3152 1132 3192; x_wconf 89' lang='lat' dir='ltr'>esse,</span> <span class='ocrx_word' id='word_1_407' title='bbox 1155 3142 1448 3195; x_wconf 89' lang='lat' dir='ltr'>parallaxin</span> <span class='ocrx_word' id='word_1_408' title='bbox 1470 3141 1601 3184; x_wconf 89' lang='lat' dir='ltr'>Solis</span> <span class='ocrx_word' id='word_1_409' title='bbox 1622 3153 1786 3182; x_wconf 89' lang='lat' dir='ltr'>unum</span> <span class='ocrx_word' id='word_1_410' title='bbox 1809 3140 2068 3182; x_wconf 91' lang='lat' dir='ltr'>minutum</span> <span class='ocrx_word' id='word_1_411' title='bbox 2090 3140 2343 3181; x_wconf 85' lang='lat' dir='ltr'>excedere</span> 
     </span>
     <span class='ocr_line' id='line_1_41' title="bbox 154 3222 450 3265; baseline 0.007 -12"><span class='ocrx_word' id='word_1_412' title='bbox 154 3222 261 3254; x_wconf 92' lang='lat' dir='ltr'>non</span> <span class='ocrx_word' id='word_1_413' title='bbox 279 3223 450 3265; x_wconf 87' lang='lat' dir='ltr'>posse.</span> 
     </span>
    </p>

    <p class='ocr_par' dir='ltr' id='par_1_6' title="bbox 214 3281 2342 3337">
     <span class='ocr_line' id='line_1_42' title="bbox 214 3281 2342 3337; baseline -0.002 -12"><span class='ocrx_word' id='word_1_414' title='bbox 214 3281 327 3325; x_wconf 89' lang='lat' dir='ltr'>Hos</span> <span class='ocrx_word' id='word_1_415' title='bbox 361 3284 595 3326; x_wconf 89' lang='lat' dir='ltr'>calculos</span> <span class='ocrx_word' id='word_1_416' title='bbox 627 3294 885 3337; x_wconf 89' lang='lat' dir='ltr'>perquam</span> <span class='ocrx_word' id='word_1_417' title='bbox 919 3283 1171 3325; x_wconf 90' lang='lat' dir='ltr'>molestos</span> <span class='ocrx_word' id='word_1_418' title='bbox 1205 3282 1362 3325; x_wconf 88' lang='lat' dir='ltr'>fuisse</span> <span class='ocrx_word' id='word_1_419' title='bbox 1393 3285 1627 3336; x_wconf 86' lang='lat' dir='ltr'>apparet,</span> <span class='ocrx_word' id='word_1_420' title='bbox 1659 3281 1910 3334; x_wconf 89' lang='lat' dir='ltr'>quamdiu</span> <span class='ocrx_word' id='word_1_421' title='bbox 1940 3281 2207 3322; x_wconf 88' lang='lat' dir='ltr'>inventum</span> <span class='ocrx_word' id='word_1_422' title='bbox 2238 3290 2342 3320; x_wconf 91' lang='lat' dir='ltr'>non</span> 
     </span>
    </p>
   </div>
   <div class='ocr_carea' id='block_1_3' title="bbox 215 3365 1096 3411">
    <p class='ocr_par' dir='ltr' id='par_1_7' title="bbox 215 3365 1096 3411">
     <span class='ocr_line' id='line_1_43' title="bbox 215 3365 1096 3411; baseline 0 -11"><span class='ocrx_word' id='word_1_423' title='bbox 215 3366 225 3389; x_wconf 86' lang='lat'><strong>¹</strong></span> <span class='ocrx_word' id='word_1_424' title='bbox 250 3365 352 3400; x_wconf 93' lang='lat' dir='ltr'>Cod.</span> <span class='ocrx_word' id='word_1_425' title='bbox 370 3366 510 3401; x_wconf 87' lang='lat' dir='ltr'>Haun.</span> <span class='ocrx_word' id='word_1_426' title='bbox 526 3370 617 3401; x_wconf 80' lang='lat' dir='ltr'>Ant.</span> <span class='ocrx_word' id='word_1_427' title='bbox 634 3366 739 3402; x_wconf 90' lang='lat' dir='ltr'>Coll.</span> <span class='ocrx_word' id='word_1_428' title='bbox 755 3367 848 3411; x_wconf 81' lang='lat' dir='ltr'>Reg.</span> <span class='ocrx_word' id='word_1_429' title='bbox 868 3366 956 3401; x_wconf 88' lang='lat'>1828</span> <span class='ocrx_word' id='word_1_430' title='bbox 977 3365 1019 3400; x_wconf 89' lang='lat' dir='ltr'>in</span> <span class='ocrx_word' id='word_1_431' title='bbox 1040 3365 1096 3400; x_wconf 85' lang='lat'>40.</span> 
     </span>
    </p>
   </div>
  </div>
 </body>
</html>
