2678 4069
743 311 1415 366 PROLEGOMENA
1445 317 1846 371 EDITORIS
2308 323 2405 372 LV

208 453 322 492 tam
345 450 433 491 diu
455 450 884 502 persequebatur,
913 454 991 492 tot
1012 453 1264 504 mysteria
1285 454 1331 495 ei
1353 457 1568 508 aperuit.
1601 457 1715 500 Hoc
1738 470 1859 500 eum
1881 459 2097 512 impulit,
2126 464 2181 501 ut
2202 461 2405 513 inquisi-

208 521 376 562 tiones
402 532 526 562 suas
553 520 618 562 de
645 521 978 574 planetarum
1007 522 1236 564 motibus
1266 531 1570 577 resumeret,
1605 540 1735 581 quas
1764 530 1956 582 saepius
1986 531 2245 584 ingressus
2275 536 2401 573 erat.

209 591 461 633 Omnium
492 591 720 644 quinque
749 592 1082 644 planetarum
1113 594 1231 635 loca
1264 595 1544 639 observata
1575 610 1697 640 curn
1730 600 1919 642 tabulis
1952 612 2159 653 semper
2192 602 2402 654 quidem

207 662 388 715 Tycho
411 665 837 714 comparaverat,
866 663 959 704 sed
987 667 1247 715 praeterea
1269 676 1332 706 ex
1354 666 1494 709 libris
1516 670 1624 722 ejus
1647 682 1807 711 manu
1828 671 2031 724 scriptis
2052 673 2299 713 nonnulla
2321 683 2403 714 ex-

207 733 501 786 perimenta
516 733 878 786 cognovimus,
899 733 1086 786 quibus
1103 746 1353 777 numeros
1369 738 1748 781 elementorum
1766 741 2055 783 orbitarum
2071 743 2400 795 planetarum

209 805 276 846 ad
297 804 505 846 tabulas
520 803 820 846 Prutenicas
843 803 1106 846 adhibitos
1128 816 1190 846 eo
1213 807 1429 849 consilio
1446 810 1704 862 corrigere
1719 812 1976 859 studebat,
1999 816 2054 853 ut
2069 814 2185 854 loca
2201 814 2401 855 ratione

207 875 419 917 inventa
453 874 911 917 observationibus
945 874 1130 916 melius
1161 880 1618 930 accommodaret;
1653 885 1708 922 ut
1738 881 1943 923 Saturni
1973 883 2398 935 oppositionibus,

209 958 329 999 quae
351 945 499 987 annis
522 958 552 987 a
578 946 689 988 1582
711 946 779 988 ad
804 944 914 987 1593
936 950 1236 997 evenerant,
1259 960 1383 990 usus
1405 954 1496 999 est,
1520 951 1751 992 mediam
1772 952 2160 1005 longitudinem,
2189 955 2401 1007 longitu-

208 1016 384 1059 dinem
399 1015 632 1070 Apogaei,
656 1015 1103 1058 eccentricitatem
1120 1017 1437 1069 quibusdam
1452 1022 1682 1063 numeris
1699 1022 1934 1071 mutavit,
1958 1034 2124 1075 neque
2139 1027 2317 1065 tamen
2334 1026 2400 1066 ad

207 1087 369 1129 finem
397 1087 647 1141 pervenit.
678 1086 779 1128 Sed
807 1097 993 1128 omnes
1020 1086 1073 1128 hi
1101 1088 1288 1129 calculi
1311 1090 1378 1130 ad
1398 1093 1606 1143 tempus
1626 1096 1830 1133 tantum
1852 1093 2065 1135 instituti
2086 1098 2247 1142 erant,
2277 1106 2399 1136 cum

207 1159 305 1201 sibi
317 1157 692 1212 proposuisset,
714 1160 771 1199 ut
793 1157 1035 1199 absoluta
1055 1157 1260 1200 theoria
1277 1160 1442 1202 Lunae
1463 1162 1793 1214 planetarum
1816 1164 2010 1206 orbitas
2030 1168 2276 1206 accurate
2291 1176 2400 1217 per-

207 1233 545 1272 scrutaretur.
576 1228 710 1279 Hoc,
735 1227 940 1270 Hvenae
961 1228 1090 1270 dum
1112 1232 1240 1280 erat,
1270 1230 1554 1281 distulerat,
1584 1244 1688 1274 non
1711 1235 1869 1276 modo
1893 1236 2032 1287 quod
2055 1236 2164 1276 aliis
2185 1235 2399 1288 negotiis

207 1304 498 1354 occupatus
520 1303 648 1350 erat,
672 1311 796 1342 curn
817 1299 869 1340 in
890 1299 1347 1343 observationibus
1363 1302 1494 1344 Solis
1511 1303 1779 1356 Lunaeque
1800 1308 1849 1346 et
1869 1306 2137 1347 stellarum
2159 1307 2397 1358 catalogo

206 1383 427 1425 operam
449 1374 500 1414 et
519 1370 752 1413 studium
774 1370 1062 1412 collocaret
1083 1374 1133 1413 et
1153 1371 1302 1413 varia
1323 1384 1418 1414 sua
1434 1373 1627 1426 scripta
1644 1375 1939 1425 adornaret,
1962 1377 2052 1417 sed
2075 1376 2232 1417 etiam
2247 1379 2303 1417 ut
2318 1387 2400 1417 ex-

205 1446 483 1496 spectaret,
513 1443 642 1484 dum
668 1441 801 1483 silva
829 1441 1262 1483 observationum
1290 1444 1638 1496 planetarum,
1669 1449 1923 1497 quantum
1943 1446 2056 1487 fieri
2076 1450 2265 1499 posset,
2295 1458 2402 1499 per-

205 1513 345 1556 fecta
366 1517 517 1555 esset.
543 1512 695 1554 Hanc
718 1512 1024 1554 dilationem
1039 1513 1240 1567 justam
1259 1513 1420 1556 fuisse
1439 1515 1557 1556 inde
1573 1515 1893 1569 intellegitur,
1917 1517 2057 1569 quod
2072 1516 2300 1570 ingentes
2316 1517 2402 1558 ob-

205 1584 567 1627 servationum
587 1583 823 1626 thesauri
842 1583 913 1625 ita
935 1584 1233 1638 comparati
1253 1589 1387 1635 sunt,
1412 1585 1598 1638 quibus
1618 1589 1798 1628 tamen
1815 1590 2027 1640 propter
2042 1587 2265 1628 eandem
2281 1587 2401 1628 dila-

204 1655 404 1697 tionem
430 1655 528 1708 ipsi
546 1654 785 1708 Tychoni
810 1654 885 1696 uti
911 1666 1018 1697 non
1043 1655 1201 1697 licuit.
1233 1655 1350 1698 Hoc
1380 1657 1541 1698 modo
1565 1657 1858 1698 KEPLERO
1881 1657 1975 1698 iter
1995 1658 2174 1710 patuit,
2204 1658 2290 1710 qui
2308 1658 2402 1711 Ty-

206 1726 390 1769 chonis
413 1725 870 1769 observationibus
890 1738 1031 1776 usus,
1055 1726 1244 1779 quibus
1258 1727 1442 1769 ultimo
1459 1727 1612 1782 hujus
1627 1728 1749 1770 vitae
1766 1739 1903 1769 anno
1921 1739 2138 1781 operam
2148 1728 2259 1782 jam
2275 1729 2400 1770 dare

206 1796 380 1851 coepit,
404 1798 542 1851 leges
564 1800 808 1839 motuum
830 1797 1164 1849 planetarum
1185 1797 1394 1839 invenit.

264 1868 366 1910 Sed
389 1869 503 1923 jam
533 1868 738 1910 Hvenae
765 1868 1164 1910 observationes
1191 1870 1525 1921 planetarum
1553 1868 1919 1911 memorabilia
1947 1870 2192 1922 quaedam
2220 1869 2401 1911 effece-

204 1942 339 1990 runt,
375 1950 495 1992 quae
526 1939 565 1980 T
567 1939 836 1992 ychonem
868 1950 975 1981 non
1006 1940 1284 1981 latuerunt.
1328 1940 1641 1994 Intellegitur
1673 1940 1812 1982 enim
1845 1952 1909 1982 ex
1942 1940 2160 1994 epistula
2193 1940 2300 1993 ejus
2335 1940 2400 1981 ad

203 2010 578 2061 PEUCERUM,
608 2021 747 2052 anno
765 2011 878 2065 jam
904 2010 1015 2052 1588
1037 2022 1160 2053 eum
1182 2010 1578 2064 conJectavisse,
1603 2023 1630 2053 e
1653 2011 1835 2053 Martis
1857 1999 2008 2053 motu*
2026 2012 2272 2064 quaedam
2293 2022 2402 2063 per-

204 2081 334 2134 spici
362 2092 533 2135 posse,
567 2093 685 2134 quae
716 2092 875 2124 nemo
904 2081 1078 2123 adhuc
1110 2082 1406 2135 suspicatus
1437 2086 1587 2124 esset.
1621 2082 1801 2124 Mense
1829 2081 2110 2123 Decembri
2140 2081 2260 2122 anni
2291 2080 2401 2122 1590

206 2152 519 2195 MAGINUS
551 2164 646 2206 per
677 2152 875 2194 litteras
910 2152 975 2194 ab
1011 2164 1074 2194 eo
1108 2152 1289 2206 petivit
1320 2152 1481 2208 (quod
1514 2164 1642 2195 sane
1674 2163 2130 2206 supervacaneum
2163 2152 2306 2205 erat),
2347 2155 2402 2193 ut

206 2223 435 2265 Martem
449 2223 708 2277 imprimis
724 2223 1047 2274 observaret,
1072 2223 1194 2277 quia
1215 2223 1663 2266 eccentricitatem
1684 2223 1869 2266 orbitae
1886 2224 1994 2278 ejus
2010 2222 2162 2265 certis
2177 2222 2401 2275 periodis

204 2294 514 2336 mutabilem
542 2306 657 2337 esse
687 2294 1057 2348 suspicaretur.
1089 2295 1271 2348 Tycho
1304 2298 1482 2337 autem
1508 2294 1792 2348 respondit,
1824 2295 1926 2337 hoc
1954 2305 2009 2336 se
2035 2305 2140 2335 non
2161 2294 2211 2334 in
2234 2293 2401 2334 Marte

204 2366 334 2416 solo,
357 2366 465 2416 sed,
489 2365 584 2407 etsi
603 2377 710 2408 non
729 2369 877 2408 tanto
894 2377 1069 2419 opere,
1093 2366 1253 2408 etiam
1269 2366 1320 2407 in
1335 2366 1521 2408 ceteris
1536 2365 1756 2419 planetis
1770 2365 2043 2415 invenisse,
2066 2375 2227 2417 quare
2244 2364 2401 2405 aliam

205 2446 428 2478 causam
460 2447 575 2479 esse
608 2440 876 2490 oporteret
906 2437 1142 2492 (»verum
1172 2437 1223 2479 id
1252 2437 1311 2478 fit
1340 2448 1434 2490 per
1463 2436 1709 2478 accidens
1740 2440 1896 2489 atque
1930 2436 2135 2477 aliunde
2168 2435 2398 2489 evenit«).

205 2507 356 2549 Brevi
375 2518 502 2549 vero
524 2507 787 2558 intellexit,
812 2520 932 2561 quae
954 2519 1118 2550 causa
1139 2511 1289 2550 esset.
1320 2508 1378 2549 In
1399 2507 1620 2561 epistula
1640 2518 1821 2549 mense
1843 2506 2122 2549 Februario
2145 2505 2265 2547 anni
2289 2504 2392 2546 1591

205 2578 273 2619 ad
295 2577 718 2621 GUILELMUM
743 2578 1135 2632 Landgravium
1157 2580 1282 2621 data
1302 2578 1376 2620 sic
1398 2578 1623 2631 scripsit:
1657 2578 1852 2619 »Facile
1880 2577 1945 2619 ab
1974 2577 2048 2626 iis,
2077 2576 2164 2629 qui
2183 2587 2296 2617 rem
2317 2587 2399 2628 pe-

204 2648 341 2690 nitus
355 2648 734 2702 introspiciunt,
752 2649 1204 2699 animadvertitur,
1222 2649 1396 2691 adhuc
1413 2649 1573 2690 aliam
1587 2650 1749 2690 latere
1764 2648 2173 2700 inaequalitatem
2189 2658 2217 2688 e
2232 2645 2398 2687 Solari

204 2719 339 2761 forte
369 2720 759 2762 eccentricitate
788 2721 871 2762 vel
902 2720 1110 2762 aliunde
1140 2720 1553 2774 provenientem,
1586 2730 1705 2772 quae
1733 2730 1847 2761 sese
1876 2717 2146 2772 apparenti
2173 2718 2397 2770 planetae

204 2791 372 2833 motui
391 2791 658 2833 insinuet«.
691 2791 792 2833 Sed
817 2791 1012 2832 mirum
1042 2794 1134 2841 est,
1167 2791 1309 2843 quod
1338 2802 1492 2832 suum
1519 2791 1692 2831 solum
1718 2793 1953 2842 systema
1980 2787 2161 2829 mundi
2186 2787 2287 2828 hoc
2315 2797 2397 2827 ex-

203 2862 421 2914 planare
432 2873 588 2915 posse
600 2861 765 2912 addit;
788 2874 914 2903 nam
927 2862 1088 2903 etiam
1101 2861 1519 2915 Copernicanum
1533 2864 1767 2913 systema
1779 2860 1881 2901 hoc
1894 2870 2048 2913 posse
2061 2857 2395 2899 manifestum

204 2935 296 2982 est,
335 2932 586 2985 quoniam
616 2932 668 2973 in
696 2935 920 2985 utroque
947 2933 1174 2986 planetae
1205 2932 1347 2974 circa
1374 2931 1550 2973 Solem
1577 2933 1871 2972 moventur.
1906 2931 2161 2971 Praeterea
2194 2927 2245 2968 in
2278 2937 2395 2968 con-

204 3006 387 3055 spectu
408 3014 631 3056 operum
651 3015 886 3053 suorum,
910 3014 1069 3056 quem
1083 3000 1452 3044 Astronomiae
1473 3000 1615 3042 Insta
1624 3001 1789 3042 uratae
1803 2998 2146 3041 Mechanicae
2166 2996 2391 3045 inseruit,

203 3072 277 3114 sic
305 3073 553 3126 loquitur:
587 3074 744 3115 »Tum
771 3085 982 3127 quoque
1009 3073 1288 3116 circuitum
1314 3072 1459 3114 illum
1491 3083 1740 3120 annuum,
1773 3082 1930 3124 quem
1958 3068 2273 3122 Copernicus
2303 3077 2394 3119 per

205 3146 412 3185 motum
431 3144 607 3186 Terrae
626 3145 679 3186 in
694 3145 822 3186 orbe
837 3155 1047 3198 magno,
1069 3147 1273 3185 veteres
1288 3143 1581 3185 secundum
1597 3142 1861 3195 epicyclos
1877 3142 2206 3187 excusarunt,
2229 3137 2393 3178 varia-

203 3213 331 3255 tioni
357 3214 570 3255 cuidam
598 3215 888 3257 obnoxium
916 3226 1030 3257 esse
1057 3213 1461 3268 perspeximus«
1493 3214 1690 3255 Eodem
1718 3215 1895 3253 autem
1923 3210 2083 3251 modo
2105 3209 2155 3249 in
2176 3208 2391 3261 epistula

205 3284 287 3325 die
323 3284 340 3325 1
379 3285 573 3326 mensis
602 3285 791 3338 Aprilis
824 3285 946 3327 anni
983 3285 1093 3326 1598
1133 3285 1200 3326 ad
1241 3283 1597 3325 KEPLERUM
1632 3283 1756 3324 data
1790 3280 2038 3333 loquitur;
2074 3278 2216 3320 addit
2249 3287 2388 3323 vero,

205 3353 363 3395 Marti
375 3354 496 3396 hinc
513 3355 636 3396 oriri
650 3355 1002 3397 differentiam
1028 3356 1074 3396 lo
1093 3355 1151 3396 40
1164 3357 1189 3396 ‘.
1215 3353 1380 3407 Hujus
1397 3353 1646 3396 mirabilis
1662 3350 1999 3394 coartationis
2015 3352 2064 3390 et
2079 3346 2389 3390 dilatationis
