2678 4069
768 268 1442 323 PROLEGOMENA
1470 272 1874 324 EDITORIS
2338 275 2421 326 XI

219 412 320 460 tur,
341 411 398 451 ut
419 419 482 450 ea
502 408 605 458 via,
623 421 785 462 quam
807 410 1108 463 complures
1123 409 1236 464 jam
1258 423 1426 454 annos
1446 413 1780 466 sequebatur,
1797 412 1999 467 longius
2020 414 2422 467 progrederetur

219 483 271 523 et
291 479 750 523 observationibus
772 483 930 534 atque
953 482 1510 534 argumentationibus,
1529 496 1648 537 quae
1663 483 1743 526 his
1758 484 1882 527 solis
1903 484 2204 536 niterentur,
2221 497 2420 528 novam

220 550 519 594 doctrinam
540 551 810 594 conderet.

277 622 430 665 Anno
466 622 578 665 1570
605 622 788 676 Tycho
819 622 870 663 in
905 622 1133 664 Daniam
1163 624 1392 667 revertit.
1424 625 1468 666 A
1498 626 1581 669 die
1610 626 1668 668 30
1697 626 1892 669 mensis
1926 627 2236 670 Decembris
2265 627 2420 682 hujus

220 693 344 735 anni
373 704 540 747 usque
571 694 639 736 ad
668 704 909 736 mensem
942 693 1303 737 Novembrem
1334 696 1456 738 anni
1481 696 1593 738 1572
1613 698 1771 739 nullae
1792 700 1999 740 exstant
2021 698 2419 742 observationes

217 764 270 806 in
291 764 435 806 libris
455 764 567 819 ejus
588 777 752 807 manu
772 764 997 818 scriptis,
1019 765 1111 808 sed
1134 777 1257 808 cum
1280 778 1345 809 ne
1366 767 1468 810 illae
1491 767 1702 821 quidem
1724 768 1945 811 maximi
1965 769 2222 812 momenti
2244 770 2420 813 obser-

217 835 474 887 vationes,
504 848 637 889 quas
663 847 846 879 mense
875 836 1167 879 Novembri
1194 837 1317 879 anni
1348 838 1459 880 1572
1486 841 1537 881 et
1562 839 1954 892 insequentibus
1984 840 2254 883 mensibus
2283 841 2420 883 insti-

215 906 326 958 tuit,
346 907 390 949 si
410 918 611 960 paucas
632 907 882 961 excipias,
904 907 957 949 in
977 907 1057 950 his
1078 908 1422 962 reperiantur,
1446 910 1794 952 dubitandum
1815 914 1908 963 est,
1932 924 1999 953 an
2021 911 2418 955 observationes

217 989 481 1021 annorum
512 978 619 1020 1571
651 981 704 1021 et
734 978 846 1021 1572
873 978 1245 1022 interciderint.
1276 980 1393 1023 Hoc
1422 984 1564 1023 certe
1591 981 1804 1033 scimus,
1833 982 1913 1025 his
1941 983 2090 1025 annis
2109 982 2147 1024 T
2149 983 2418 1036 ychonem

217 1049 443 1092 chemiae
472 1049 732 1103 imprimis
760 1061 981 1104 operam
1010 1050 1232 1102 dedisse,
1261 1051 1345 1094 cui
1368 1051 1481 1106 jam
1509 1052 1758 1106 Augustae
1779 1053 2174 1096 Vindelicorum
2201 1066 2420 1097 versans

215 1121 504 1163 studuerat.
529 1120 713 1174 Neque
742 1123 820 1164 est
846 1121 1165 1173 mirandum,
1188 1122 1276 1176 qui
1301 1123 1490 1165 nullius
1518 1123 1734 1167 omnino
1761 1124 1813 1166 in
1841 1125 2090 1167 doctrinis
2118 1125 2418 1167 auctoritati

214 1192 378 1234 fidem
407 1195 701 1246 praestaret,
723 1192 867 1234 illam
897 1192 949 1234 in
980 1192 1188 1235 chemia
1218 1196 1423 1236 sectam
1452 1198 1695 1237 secutum
1725 1207 1855 1247 esse,
1887 1208 2048 1249 quam
2077 1199 2275 1239 tutatus
2305 1200 2417 1239 erat

215 1263 649 1314 PARACELSUS,
662 1263 870 1318 triginta
886 1264 1036 1306 annis
1051 1267 1172 1307 ante
1187 1268 1443 1308 mortuus.
1459 1266 1789 1309 Intellexerat
1801 1268 2120 1319 Paracelsus,
2130 1279 2313 1310 veram
2329 1280 2416 1310 na-

214 1338 349 1378 turae
368 1334 721 1389 cognitionem
742 1346 913 1389 neque
934 1335 986 1377 in
1007 1335 1202 1379 scholis
1218 1348 1387 1390 neque
1402 1336 1454 1378 in
1468 1336 1909 1389 universitatibus,
1926 1339 2019 1381 sed
2034 1338 2100 1380 ab
2116 1338 2176 1381 iis
2190 1342 2415 1381 tantum-

214 1407 378 1450 modo
399 1406 615 1460 reperiri
636 1418 808 1460 posse,
827 1406 914 1460 qui
936 1410 1183 1449 naturam
1204 1407 1375 1461 ipsam
1397 1411 1777 1460 scrutarentur;
1799 1421 1979 1451 rursus
2001 1413 2180 1452 autem
2202 1422 2324 1452 cum
2344 1409 2415 1451 in-

215 1477 580 1532 quisitionibus
594 1489 773 1520 rerum
788 1481 993 1520 naturae
1011 1479 1356 1533 conjunxerat
1371 1479 1714 1533 cogitationes
1731 1480 1991 1533 quasdam
2006 1480 2276 1535 mysticas,
2295 1493 2414 1534 quae

215 1548 722 1603 Neoplatonicorum
742 1549 1007 1603 ingenium
1022 1550 1308 1604 spirabant.
1328 1549 1561 1593 Chemiae
1575 1563 1702 1594 vero
1718 1563 1825 1594 non
1839 1551 2000 1605 ipsius
2015 1563 2178 1594 causa
2194 1563 2413 1605 operam

213 1621 396 1672 dabat3
426 1633 553 1662 nam
580 1623 774 1674 praeter
801 1621 981 1664 omnia
1001 1621 1241 1664 medicus
1262 1624 1390 1671 erat,
1412 1632 1510 1664 nec
1531 1621 1795 1664 referebat
1815 1623 1940 1678 ejus,
1964 1624 2233 1676 quomodo
2255 1623 2414 1665 medi-

213 1695 461 1736 camenta
492 1695 954 1745 componerentur,
988 1695 1077 1734 aut
1106 1704 1185 1743 ea,
1219 1704 1339 1746 quae
1369 1692 1421 1734 in
1451 1693 1831 1736 commixtione
1861 1693 2177 1748 simplicium
2210 1693 2411 1744 fierent,

213 1764 528 1818 explicanda
555 1766 744 1806 essent.
774 1763 832 1805 In
858 1763 1262 1806 medicamentis
1289 1764 1587 1817 quaerendis
1614 1764 1848 1807 maxime
1874 1764 2193 1818 sequebatur
2219 1764 2414 1818 opinio-

211 1847 335 1878 nem
351 1835 416 1877 de
430 1834 616 1876 intima
630 1833 859 1877 hominis
874 1834 1218 1878 microcosmi
1233 1846 1357 1877 cum
1372 1835 1619 1878 universo
1635 1847 2010 1879 macrocosmo
2026 1836 2411 1890 conjunctione,

212 1918 317 1961 quo
338 1906 516 1956 fiebat,
533 1908 590 1948 ut
610 1909 827 1960 propter
845 1905 1209 1949 similitudines
1229 1906 1474 1949 fortuitas
1495 1907 1577 1949 vel
1598 1906 1751 1949 fictas
1773 1918 1896 1949 cum
1918 1906 2156 1961 corporis
2177 1906 2411 1960 partibus

211 1979 473 2021 elementa
494 1976 737 2020 chemica
760 1977 828 2019 ad
848 1977 1067 2020 morbos
1089 1978 1355 2020 curandos
1375 1978 1708 2032 eligerentur;
1732 1978 2089 2032 componebat
2103 1989 2230 2021 vero
2253 1977 2411 2020 medi-

211 2052 458 2093 camenta
479 2048 853 2103 experimentis
872 2060 1014 2100 usus,
1030 2048 1278 2103 neglectis
1299 2048 1483 2091 Galeni
1503 2048 1798 2103 praeceptis.
1816 2050 2049 2091 Eandem
2069 2049 2213 2091 viam
2234 2060 2413 2102 seque-

210 2121 366 2164 batur
384 2120 590 2175 Tycho;
613 2119 735 2162 huic
758 2131 969 2173 quoque
989 2131 1096 2162 non
1117 2119 1168 2161 in
1190 2131 1321 2162 auro
1343 2120 1692 2172 conficiendo,
1715 2121 1808 2163 sed
1822 2146 1878 2151 —
1893 2120 2163 2174 praecipua
2185 2123 2325 2162 certe
2346 2130 2411 2161 ex

210 2195 358 2246 parte
371 2191 491 2233 —in
511 2190 914 2234 medicamentis
935 2191 1319 2245 componendis
1340 2191 1566 2234 chemiae
1587 2192 1705 2234 finis
1726 2195 1853 2235 erat.
1870 2192 2039 2234 Etiam
2059 2202 2286 2234 summae
2302 2190 2411 2245 ejus

209 2262 561 2318 philosophiae
588 2265 818 2316 praeerat
845 2262 1092 2317 cogitatio
1123 2262 1187 2304 de
1215 2262 1454 2306 omnium
1481 2263 1711 2306 universi
1736 2264 1982 2318 partium,
2005 2275 2318 2317 magnarum
2340 2265 2411 2303 at-

213 2346 314 2388 que
342 2334 670 2389 exiguarum,
691 2333 878 2376 intima
905 2333 1293 2388 conjunctione,
1317 2346 1480 2388 quare
1514 2334 1740 2377 chemiae
1767 2335 1998 2378 studium
2025 2346 2148 2377 eum
2170 2333 2409 2376 allexisse

211 2405 365 2448 facile
391 2404 717 2459 intellegitur,
741 2405 994 2458 quoniam
1020 2416 1115 2459 per
1139 2405 1278 2448 hanc
1307 2405 1410 2449 alio
1437 2406 1601 2449 modo
1628 2406 1855 2449 eundem
1882 2406 2045 2449 finem
2065 2404 2410 2460 persequeba-

206 2479 306 2527 tur,
337 2488 496 2530 quem
522 2476 684 2519 etiam
711 2487 805 2530 per
830 2475 1062 2519 studium
1089 2476 1382 2519 caelestium
1408 2480 1652 2520 motuum
1679 2478 1977 2532 appetebat.
2008 2477 2125 2520 Hoc
2153 2477 2408 2530 praeclare

206 2547 465 2602 significat
485 2548 861 2590 nonnullorum
881 2548 992 2603 eJus
1013 2547 1269 2591 librorum
1291 2547 1580 2602 colophon:
1603 2547 1978 2602 DespicIendo
1997 2546 2409 2602 suspicio—su-

206 2616 495 2672 spiciendo
522 2616 786 2672 despicio.
811 2619 993 2673 Itaque
1017 2630 1111 2673 per
1129 2621 1299 2662 totam
1321 2619 1486 2661 vitam
1512 2620 1685 2662 studia
1713 2620 1956 2663 chemica
1981 2619 2229 2662 tractavit
2249 2622 2299 2662 et
2319 2619 2408 2661 ho-

206 2689 436 2731 minibus
463 2689 653 2743 amplis
679 2692 838 2743 atque
864 2690 1152 2732 humilibus
1181 2690 1573 2733 medicamenta
1598 2690 1850 2734 industrie
1871 2690 2230 2733 distribuebat.
2254 2690 2407 2741 Quod

205 2772 334 2804 vero
356 2760 409 2802 in
429 2760 533 2803 hoc
554 2760 728 2803 studio
751 2772 872 2803 eam
892 2761 1036 2803 viam
1057 2760 1326 2815 praecipue
1347 2761 1683 2814 sequebatur,
1707 2774 1868 2816 quam
1895 2763 2200 2805 Paracelsus
2219 2761 2408 2816 ingres-

203 2843 293 2874 sus
314 2834 444 2883 erat,
465 2843 564 2874 nec
584 2831 637 2874 in
658 2831 823 2875 verba
844 2831 1079 2886 magistri
1094 2832 1278 2887 Jurans
1299 2831 1683 2886 Hippocratem
1705 2833 2070 2887 Galenumque
2091 2834 2260 2887 legere
2280 2832 2405 2874 satis

203 2902 452 2954 habebat,
482 2901 628 2944 haud
658 2902 904 2957 exiguam
935 2903 1271 2956 quorundam
1303 2902 1583 2946 hominum
1613 2904 1894 2947 doctorum
1929 2903 2116 2946 Daniae
2147 2903 2401 2946 invidiam

204 2975 392 3027 postea
414 2973 693 3016 contraxit.

264 3043 447 3097 Neque
467 3046 649 3087 tamen
669 3044 842 3087 studia
863 3044 1224 3088 astronomica
1246 3045 1395 3088 annis
1420 3045 1527 3087 1571
1553 3048 1604 3089 et
1628 3045 1739 3087 1572
1760 3057 1976 3100 prorsus
2001 3045 2245 3099 neglexit;
2278 3057 2402 3087 nam

205 3116 460 3157 autumno
476 3114 599 3157 anni
618 3115 729 3157 1572
743 3126 851 3158 non
865 3116 1028 3159 modo
1045 3119 1298 3159 accurato
1314 3116 1437 3158 anni
1456 3116 1567 3159 1573
1583 3116 1750 3160 diario
1772 3116 2157 3160 conscribendo
2178 3117 2402 3158 multum

202 3185 457 3239 temporis
489 3185 836 3240 impenderat,
869 3186 963 3230 sed
995 3187 1157 3229 etiam
1189 3186 1597 3230 instrumentum
1630 3187 1756 3230 satis
1788 3199 2056 3241 magnum,
2089 3190 2401 3239 sextantem,

205 3255 352 3310 quus
381 3256 560 3299 radius
588 3256 617 3298 4
646 3256 948 3300 cubitorum
975 3257 1051 3314 (=
1076 3257 1134 3302 1.⁶
1159 3258 1474 3314 metrorum)
1503 3261 1632 3309 erat,
1663 3258 1984 3309 confecerat,
2013 3257 2100 3312 qui
2130 3258 2400 3300 absolutus

203 3328 316 3368 erat
346 3326 415 3368 ad
445 3327 716 3379 utendum,
745 3339 868 3371 cum
898 3339 1081 3371 mense
1112 3328 1403 3371 Novembri
1432 3328 1555 3371 anni
1586 3328 1697 3371 1572
1733 3328 1786 3370 in
1821 3328 2199 3371 CASSIOPEAE
2232 3327 2400 3370 sidere

346 3410 433 3451 (13⁸)
