2678 4069
284 153 417 203 XIV
818 142 1482 196 PROLEGOMENA
1510 139 1912 191 EDITORIS

282 286 605 339 astrologicae
637 283 788 325 latius
820 284 1056 335 patentes
1089 283 1246 332 atque
1279 279 1396 321 haec
1429 277 1696 332 praecipue
1729 276 1992 330 cogitatio,
2023 289 2456 332 unamquamque

280 356 501 399 universi
522 358 740 408 partem,
757 353 865 394 sive
886 363 1077 404 magna
1099 353 1234 392 esset
1255 350 1364 392 sive
1386 349 1586 403 exigua,
1604 359 1727 390 cum
1749 347 1994 390 omnibus
2014 348 2201 390 ceteris
2220 348 2457 402 partibus

279 425 574 479 sympathia
605 424 834 476 quadam
862 421 1198 475 conjunctam
1226 431 1355 470 esse,
1378 419 1496 462 haec
1523 419 1873 472 philosophiae
1895 418 2102 461 Graecae
2128 430 2255 461 vera
2282 420 2457 472 proles

279 500 389 538 erat
409 506 574 547 neque
597 493 878 547 quicquam
894 490 1090 533 Orienti
1112 490 1352 532 debebat.
1371 489 1507 532 Huic
1527 489 1737 532 sublimi
1758 489 1949 532 rationi
1962 488 2106 530 viam
2121 488 2457 531 muniverunt

276 565 538 619 praecipue
565 563 789 613 STOICI,
814 573 1037 615 quorum
1065 560 1373 614 gravissima
1399 559 1657 602 sententia
1683 560 1801 602 haec
1830 563 1958 611 erat,
1985 559 2335 602 substantiam
2361 559 2459 613 pri-

276 636 497 677 mariam
518 637 686 676 totum
707 633 1009 674 universum
1030 642 1321 684 permeare,
1338 630 1493 673 simul
1514 642 1637 673 curn
1658 630 1881 672 materia
1897 630 2273 673 consistentem
2294 633 2345 672 et
2364 641 2459 684 per

273 705 609 747 intentionem
640 704 896 757 majorem
933 702 1261 744 minoremve
1287 701 1462 744 varias
1492 701 1731 744 materiae
1762 701 2039 754 qualitates
2069 704 2455 754 procreantem.

275 776 404 817 Haec
426 775 676 828 generalis
699 773 977 827 astrologia
997 784 1090 826 per
1109 772 1293 814 ultima
1313 772 1517 826 imperii
1533 771 1752 815 Romani
1771 772 1970 814 saecula
1990 775 2042 814 et
2061 782 2155 825 per
2167 774 2339 814 totum
2353 783 2459 814 me-

275 846 416 887 dium
443 857 618 887 aevum
645 845 835 886 florere
856 842 1227 897 perseveravit,
1251 854 1314 885 ac
1335 842 1476 884 XVII
1498 843 1714 885 demum
1734 843 1950 892 saeculo,
1973 842 2188 884 mutatis
2209 841 2459 896 opinioni-

275 917 367 958 bus
390 916 453 957 de
474 919 660 957 natura
682 914 970 957 caelestium
992 924 1054 955 ac
1076 913 1294 964 ratione,
1318 926 1438 967 quae
1455 914 1631 957 Terrae
1652 925 1775 956 cum
1795 913 1893 956 illis
1914 917 2042 964 erat,
2065 913 2319 967 paulatim
2341 924 2458 955 eva-

273 986 394 1027 nuit.
418 987 482 1027 At
497 987 649 1039 vulgo
670 985 961 1036 hominum,
980 984 1066 1038 qui
1081 984 1148 1026 ad
1163 984 1601 1038 philosophorum
1621 985 1904 1028 sententias
1927 984 1992 1026 de
2011 984 2210 1027 unitate
2229 984 2459 1027 universi

272 1068 385 1098 sese
412 1058 660 1099 extollere
687 1068 792 1098 non
818 1059 1075 1109 poterant,
1105 1055 1385 1109 astrologia
1412 1055 1515 1098 hoc
1542 1056 1714 1098 solum
1740 1055 2030 1110 praebebat‚
2058 1059 2115 1097 ut
2142 1067 2207 1097 ex
2234 1056 2459 1098 colloca—

270 1128 409 1169 tione
438 1131 715 1177 astrorum,
740 1139 899 1180 quam
927 1127 1059 1169 hora
1087 1126 1247 1168 natali
1273 1126 1536 1178 tenebant,
1559 1125 1758 1181 singula
1787 1127 2064 1170 hominum
2091 1126 2201 1168 fata
2226 1127 2342 1180 plus
2367 1125 2459 1167 mi-

270 1210 433 1240 nusve
449 1201 695 1241 accurate
715 1197 1005 1251 praedicere
1026 1201 1254 1251 possent,
1271 1209 1395 1240 cum
1411 1197 1742 1251 opinionibus
1757 1201 1903 1241 certo
1919 1197 2264 1240 fundamento
2281 1208 2459 1240 caren-

267 1269 403 1311 tibus
433 1269 733 1319 niterentur,
767 1269 954 1322 quibus
983 1268 1062 1311 usi
1092 1272 1325 1323 systema
1359 1268 1799 1311 mathematicum
1830 1272 2245 1323 composuerunt
2275 1271 2325 1311 et
2355 1268 2459 1310 dili-

268 1343 445 1393 genter
471 1341 826 1382 excoluerunt.
858 1340 1024 1394 Hujus
1051 1339 1352 1393 systematis
1378 1339 1632 1393 implicati
1657 1340 1976 1382 lineamenta
2002 1343 2209 1382 tantum
2237 1339 2364 1382 satis
2389 1339 2457 1381 in·

269 1414 411 1452 certa
428 1411 600 1453 Graeci
617 1423 647 1452 a
663 1410 961 1463 Babyloniis
982 1410 1249 1464 accepisse
1265 1411 1521 1461 videntur,
1538 1410 1631 1453 sed
1651 1410 1748 1465 ipsi
1762 1410 1930 1465 magis
1945 1412 2310 1461 excoluerunt;
2334 1421 2456 1453 cum

267 1481 369 1524 hoc
403 1493 529 1524 vero
563 1481 784 1536 posthac
818 1481 1268 1524 connectebantur
1300 1482 1535 1525 virorum
1569 1483 1873 1534 doctorum,
1908 1481 2258 1524 HIPPARCHI
2297 1481 2459 1524 POSI-

268 1552 460 1594 DONII
487 1553 850 1595 PTOLEMAEI
877 1553 1270 1607 multorumque
1297 1553 1522 1596 aliorum
1550 1553 1843 1596 clarissima
1869 1553 2101 1596 nomina.
2125 1553 2265 1595 Inter
2289 1552 2461 1606 ingen-

265 1626 373 1664 tem
400 1623 783 1665 multitudinem
809 1623 1064 1666 librorum
1087 1624 1415 1675 Graecorum,
1441 1624 1527 1677 qui
1553 1625 1752 1667 saeculo
1779 1624 1897 1666 XIII
1926 1635 2089 1678 opera
2116 1623 2459 1677 interpretum

267 1694 518 1736 Italorum
540 1698 589 1736 et
611 1694 984 1748 Hispanorum,
1002 1695 1208 1738 duobus
1223 1707 1349 1738 vero
1371 1695 1580 1738 saeculis
1601 1695 1992 1748 insequentibus
2013 1695 2126 1749 ipso
2145 1694 2335 1737 Graeco
2356 1705 2459 1736 ser-

268 1776 440 1815 mone,
463 1765 536 1806 uti
563 1766 845 1819 conscripti
873 1768 1037 1817 erant,
1058 1765 1410 1817 innotuerunt,
1433 1765 1582 1808 multi
1608 1765 1725 1808 libri
1752 1765 2051 1820 astrologici
2078 1765 2303 1816 fuerunt,
2326 1776 2459 1819 quos

269 1847 452 1877 omnes
479 1836 734 1890 legebant,
758 1836 932 1879 clerici
959 1840 1115 1890 atque
1142 1837 1276 1888 laici,
1299 1837 1468 1880 donec
1496 1837 1666 1890 ipsam
1692 1835 2033 1879 Tetrabiblon
2055 1835 2323 1880 Ptolemaei
2345 1836 2459 1878 ME·
2544 1830 2547 1832 ’

268 1906 690 1949 LANCHTHON
711 1907 763 1948 in
785 1907 1028 1949 Latinum
1045 1908 1317 1950 convertit.
1339 1908 1587 1950 Ecclesiae
1611 1907 1823 1961 quidem
1844 1907 1987 1950 initio
2009 1906 2322 1950 subdifficile
2343 1910 2457 1949 erat

268 1977 578 2028 doctrinam,
602 1990 721 2031 quae
749 1978 1143 2032 omnipotentiae
1165 1979 1355 2021 divinae
1376 1979 1508 2021 fines
1529 1979 1847 2022 constituere
1867 1978 2148 2029 videretur,
2165 1978 2302 2033 juste
2323 1978 2460 2021 aesti-

267 2059 430 2098 mare,
463 2060 786 2101 quamquam
817 2049 1075 2092 memoria
1107 2050 1170 2092 de
1201 2050 1366 2103 magis
1396 2050 1605 2101 tradita,
1638 2049 1726 2103 qui
1755 2050 1961 2092 stellam
1990 2049 2124 2103 regis
2154 2049 2456 2092 Iudaeorum

271 2118 346 2159 »in
374 2122 515 2160 ortu«
547 2115 619 2167 (ἑν
640 2122 698 2171 τῇ
728 2116 981 2171 ἀνατολῇ),
1004 2120 1034 2162 i.
1059 2132 1101 2162 e.
1124 2121 1177 2162 in
1197 2124 1315 2163 ortu
1337 2121 1446 2175 ejus
1466 2121 1689 2172 heliaco‚
1711 2120 1936 2174 ideoque
1955 2123 2162 2162 tantum
2183 2120 2236 2162 in
2261 2120 2457 2174 »prima

267 2188 453 2231 domo«
473 2189 603 2241 caeli,
620 2190 883 2242 vidissent,
901 2203 1021 2233 eam
1037 2191 1212 2245 aliquo
1234 2192 1396 2234 modo
1418 2191 1600 2234 fulcire
1616 2191 1907 2234 videbatur.
1924 2191 2178 2233 Paulatim
2193 2203 2321 2235 vero
2337 2190 2455 2234 haec

271 2259 444 2312 opinio
467 2260 782 2303 confirmata
804 2265 895 2313 est,
918 2265 975 2303 ut
994 2262 1221 2305 hominis
1242 2263 1586 2314 voluntatem,
1609 2263 1704 2305 etsi
1724 2262 2080 2305 intercedente
2101 2274 2325 2317 corpore
2347 2262 2457 2317 ejus

270 2341 335 2371 ex
356 2331 624 2373 elementis
651 2331 880 2375 formato
908 2336 1171 2375 astrorum
1192 2333 1477 2376 influentiae
1499 2333 1899 2387 quodammodo
1920 2333 2156 2388 subjecta
2177 2332 2458 2390 esset‚[non

268 2403 447 2442 tamen
474 2401 603 2455 cogi,
626 2414 810 2445 verum
831 2404 1202 2447 tantummodo
1224 2404 1416 2458 impelli
1438 2405 1727 2447 crederent.
1752 2404 1968 2447 Homini
1989 2404 2129 2446 enim
2151 2403 2458 2446 facultatem

270 2471 449 2513 datam
471 2483 584 2514 esse
605 2473 683 2515 his
704 2473 1101 2527 impulsionibus
1123 2475 1447 2525 obluctandi;
1472 2487 1634 2528 quare
1654 2474 1779 2517 utile
1799 2487 1914 2517 esse
1934 2475 2200 2528 praescire,
2222 2474 2275 2516 in
2296 2487 2457 2528 quam

269 2545 473 2594 partem
501 2554 622 2584 eum
648 2543 953 2597 impulsurae
981 2549 1169 2597 essent,
1192 2557 1297 2599 quo
1318 2546 1522 2588 facilius
1542 2546 1602 2588 iis
1622 2546 1898 2588 resisteret.
1923 2545 2160 2599 Denique
2180 2545 2341 2588 etiam
2362 2545 2459 2587 Dei

269 2613 517 2665 potentiae
538 2614 776 2657 validiori
803 2615 1074 2658 hominem
1101 2617 1396 2671 subjectum
1423 2629 1558 2665 esse:
1588 2629 1714 2659 nam
1735 2619 1785 2659 et
1805 2628 1902 2659 suo
1924 2616 2138 2658 arbitrio
2159 2617 2312 2670 leges,
2337 2628 2457 2669 quae

270 2685 410 2724 astra
436 2688 688 2737 regerent,
709 2685 854 2727 illum
882 2690 1215 2729 commutare
1242 2699 1413 2741 posse,
1442 2691 1492 2730 et
1518 2699 1611 2741 per
1636 2687 1997 2741 precationem
2024 2686 2225 2729 homini
2246 2686 2314 2728 ad
2335 2697 2457 2728 eum

270 2753 550 2807 confugere
569 2755 740 2798 licere.
760 2756 871 2799 Has
891 2758 1172 2800 sententias
1192 2758 1279 2800 illa
1300 2758 1641 2802 astronomiae
1657 2757 1958 2800 laudatione
1971 2757 2152 2811 Tycho
2167 2757 2455 2811 proposuit,

271 2836 374 2877 qua
411 2826 773 2878 praelectiones
811 2839 934 2869 suas
973 2827 1037 2869 de
1072 2828 1302 2871 motibus
1340 2830 1673 2883 planetarum
1707 2829 1760 2870 in
1794 2828 2131 2870 universitate
2170 2827 2457 2870 Hauniensi

272 2906 408 2937 anno
440 2896 551 2937 1574
577 2897 783 2940 habitas
812 2897 1093 2940 inchoavit.
1123 2899 1347 2942 Easdem
1372 2900 1484 2954 jam
1515 2899 1669 2942 claris
1695 2899 1868 2942 verbis
1895 2900 2131 2942 elocutus
2158 2901 2271 2941 erat
2298 2898 2458 2941 THo-

273 2965 408 3006 MAS
429 2966 744 3019 AQUINAS,
768 2968 855 3021 qui
874 2968 984 3021 ipse
1003 2969 1460 3013 AUGUSTINUM
1483 2970 1821 3024 sequebatur3
1844 2969 2021 3023 itaque
2031 2969 2230 3023 Tycho‚
2247 2980 2370 3011 cum
2392 2969 2457 3012 de

266 3035 381 3089 jure
397 3037 692 3090 astrologiae
706 3038 940 3080 terminis
956 3039 1440 3083 circumscribendo
1456 3044 1647 3095 ageret,
1664 3052 1785 3083 eam
1799 3040 1942 3082 viam
1957 3043 2169 3082 secutus
2183 3042 2275 3091 est,
2294 3051 2456 3093 quam

273 3106 506 3148 maxima
533 3107 690 3149 medii
715 3108 817 3151 aevi
839 3109 1042 3162 ingenia
1062 3114 1504 3162 monstraverant,
1528 3123 1793 3165 quamque
1814 3110 2162 3153 deserendam
2184 3121 2298 3152 esse
2318 3109 2457 3152 evin-

274 3186 392 3217 cere
422 3188 528 3219 non
555 3181 761 3231 poterat
791 3179 1044 3231 doctrina,
1076 3181 1243 3234 qualis
1271 3185 1395 3224 tunc
1426 3185 1553 3224 erat.
1582 3181 1933 3236 Astrologiam
1963 3180 2129 3235 igitur,
2161 3181 2454 3224 dummodo
