2678 4069
288 176 479 227 XXVI
824 163 1488 218 PROLEGOMENA
1516 159 1916 213 EDITORIS

286 314 520 355 videmus
548 306 973 350 observationum
1002 301 1329 344 altitudinum
1358 311 1557 349 earum,
1581 299 1768 351 quibus
1793 301 2003 351 tempus
2029 296 2313 350 horologiis
2338 296 2463 338 indi-

285 385 459 423 catum
491 378 846 429 corrigeretur.
880 371 1286 414 Observationes
1320 374 1496 411 autem
1530 370 1799 411 stellarum
1828 369 2058 410 fixarum
2089 367 2156 410 ad
2185 366 2460 409 meliorem

284 451 537 492 rationem
565 446 715 488 simul
743 445 1074 491 revocantur,
1097 452 1219 483 cum
1241 441 1504 495 majorum
1525 440 1795 481 stellarum
1817 439 1941 481 novi
1961 437 2188 492 catalogi
2207 436 2461 491 generalis

284 516 592 562 conficiendi
612 515 811 556 initium
827 514 938 567 jam
959 511 1159 553 factum
1179 510 1264 561 sit;
1288 510 1371 552 hic
1394 509 1543 552 annis
1563 509 1820 563 imprimis
1842 522 1873 551 a
1898 508 2009 550 1586
2030 508 2098 550 ad
2122 507 2228 549 1591
2254 505 2464 550 confici-

281 593 382 639 tur;
405 591 523 641 post
544 586 680 627 hunc
702 595 828 626 vero
852 594 1048 624 annum
1071 582 1219 623 Luna
1241 584 1292 623 et
1311 581 1538 634 planetae
1558 580 1656 622 soli
1676 579 1785 622 fere
1807 580 2171 623 observantur.
2195 577 2289 620 His
2309 577 2461 631 igitur

280 656 713 701 vicissitudinibus
751 654 999 695 nonnulla
1036 663 1101 694 ex
1135 652 1195 693 iis
1230 651 1601 701 instrumentis,
1634 663 1754 704 quae
1783 651 1955 704 primo
1984 653 2225 702 tempore
2255 648 2460 690 Hvenae

280 729 579 771 constructa
601 727 762 774 erant,
779 724 830 765 in
850 735 946 765 usu
969 734 1082 764 esse
1102 733 1254 775 paene
1270 721 1484 764 omnino
1502 721 1780 772 desierunt,
1795 724 1853 763 ut
1867 721 2072 775 Regulae
2087 718 2460 773 parallacticae,

279 797 507 839 Armillae
518 795 835 844 Zodiacales,
847 793 1067 835 Sextans
1083 792 1372 845 chalybeus
1388 795 1438 833 et
1453 791 1712 842 biformis;
1730 791 1868 834 binae
1883 802 2011 834 vero
2020 788 2462 842 ArmillaeAEqua-

277 868 441 917 toriae‚
465 877 582 919 quae
605 863 917 917 Uraniburgi
949 863 1357 916 reperiebantur,
1391 862 1739 915 deliquiorum
1767 865 1975 904 tantum
2005 859 2462 904 observationibus

278 937 645 985 inserviebant;
682 934 829 977 annis
863 934 1085 987 denique
1116 933 1397 987 postremis
1430 932 1763 983 Quadrantes
1795 932 2037 975 volubilis
2071 935 2121 974 et
2153 930 2460 983 chalybeuS,

278 1009 495 1050 Sextans
515 1006 796 1060 trigonicus
816 1004 1154 1057 Armillaeque
1175 1004 1427 1045 maximae
1447 1006 1618 1046 totum
1640 1003 1941 1046 conficiunt.
1966 1002 2147 1055 Neque
2167 1001 2301 1043 inter
2320 1000 2460 1042 hunc

277 1079 512 1120 laborem
534 1075 855 1119 ordinarium
876 1087 998 1117 rara
1019 1075 1389 1128 phaenomena,
1413 1077 1641 1116 cometae
1669 1085 1732 1116 ac
1761 1073 1987 1127 deliquia
2014 1073 2146 1115 Solis
2174 1073 2461 1125 Lunaeque,

278 1160 528 1201 umquam
550 1148 900 1200 negleguntur,
917 1149 973 1187 ut
993 1145 1299 1188 omittamus
1321 1144 1638 1198 quaestiones
1652 1144 1960 1198 peculiares,
1978 1144 2165 1198 quibus
2181 1143 2461 1186 collocatio

274 1220 738 1261 instrumentorum
766 1217 1128 1270 corrigeretur,
1151 1217 1233 1258 vel
1261 1227 1367 1266 eas,
1391 1227 1510 1269 quae
1531 1216 1597 1257 de
1618 1215 1950 1266 refractione,
1974 1213 2270 1268 crepusculi
2290 1213 2459 1267 spatio

275 1290 488 1342 aliisque
516 1288 672 1330 rebus
700 1287 938 1341 agebant.
963 1287 1212 1341 Magnam
1239 1286 1478 1340 profecto
1501 1289 1551 1328 et
1571 1286 1763 1328 miram
1790 1285 2118 1336 industriam,
2141 1288 2192 1327 et
2212 1295 2332 1338 quae
2354 1296 2461 1326 am-

273 1361 386 1413 plos
407 1359 606 1401 fructus
626 1358 819 1400 tulerit!

332 1430 388 1471 In
408 1430 546 1471 hunc
568 1430 747 1471 locum
769 1432 889 1483 apte
910 1428 1257 1482 congerimus,
1281 1439 1400 1481 quae
1427 1426 1803 1481 posterioribus
1823 1426 2150 1481 temporibus
2177 1427 2242 1469 de
2260 1426 2462 1480 Tycho-

272 1501 349 1543 nis
383 1500 697 1543 observandi
730 1499 1067 1542 accuratione
1101 1498 1314 1541 calculis
1353 1498 1532 1552 positis
1565 1498 1776 1540 inventa
1808 1501 1942 1540 sunt.
1978 1497 2106 1540 Fieri
2139 1509 2246 1541 non
2276 1497 2459 1552 potuit,

273 1571 395 1625 quin
421 1582 630 1624 semper
656 1570 1012 1613 accuratiores
1040 1569 1435 1612 observationes
1466 1570 1766 1620 evaderent,
1797 1572 1954 1622 prout
1972 1568 2211 1622 Tychoni
2240 1572 2290 1611 et
2321 1569 2462 1623 adju-

271 1642 470 1684 toribus
499 1642 607 1697 ejus
632 1642 747 1695 plus
773 1652 898 1683 usus
919 1644 969 1683 et
990 1640 1325 1694 experientiae
1347 1640 1639 1691 accederet,
1663 1643 1713 1682 et
1734 1640 1964 1683 rationes
1990 1640 2461 1682 instrumentorum

273 1712 723 1755 conficiendorum
756 1711 1095 1765 perfectiores
1126 1710 1561 1765 excogitarentur.
1592 1711 1886 1764 Disputatio
1915 1711 1979 1753 de
2007 1711 2348 1753 accuratione
2374 1711 2462 1753 ob-

272 1782 516 1825 servandi
534 1783 573 1824 T
574 1782 812 1836 ychonis‚
836 1794 938 1835 qua
965 1781 1301 1835 praestantior
1320 1782 1461 1823 nulla
1483 1781 1584 1823 alia
1606 1784 1791 1832 exstat,
1813 1781 1865 1824 in
1885 1781 2254 1835 supputatione
2275 1781 2461 1824 orbitae

274 1856 499 1895 cometae
535 1853 657 1895 anni
689 1852 799 1895 1585
828 1852 1101 1903 invenitur,
1134 1864 1295 1905 quam
1330 1852 1546 1894 instituit
1576 1852 1626 1894 C.
1649 1853 1707 1894 A.
1731 1852 1781 1894 F.
1803 1852 2071 1895 PETERS¹.
2101 1853 2172 1895 Eo
2201 1856 2459 1907 tempore,

273 1934 395 1965 curn
423 1924 712 1977 apparebat
737 1924 821 1966 hic
849 1926 1075 1974 cometa,
1097 1923 1391 1976 perfectum
1418 1926 1531 1964 erat
1557 1935 1749 1977 corpus
1769 1923 2239 1966 instrumentorum
2258 1923 2461 1977 Tycho-

273 1994 367 2045 nis,
390 1994 784 2037 observationes
812 1997 989 2036 autem
1016 1994 1159 2036 omni
1180 2005 1244 2035 ex
1264 1997 1414 2047 parte
1436 1994 1503 2035 ad
1524 2005 1771 2036 normam
1793 1994 1951 2037 factae
1973 2005 2087 2036 esse
2101 1994 2326 2049 judicari
2346 2006 2462 2048 pos-

272 2068 405 2107 sunt.
427 2064 696 2118 Temporis
725 2065 1067 2107 indicationes
1096 2076 1190 2118 per
1219 2065 1529 2107 observatos
1560 2066 1777 2119 angulos
1807 2065 2018 2108 horales
2047 2066 2319 2107 stellarum
2349 2076 2461 2109 cor-

272 2138 445 2177 rectos
472 2147 585 2177 esse
610 2135 791 2188 Tycho
819 2135 909 2186 ait;
943 2147 1169 2188 quorum
1199 2135 1568 2189 supputatione
1598 2136 1965 2190 redintegrata,
1994 2136 2170 2179 media
2200 2136 2460 2179 correctio

273 2205 315 2249 †
327 2206 458 2256 225⁵,
476 2217 623 2248 error
641 2217 768 2248 vero
789 2206 1081 2248 verisimilis
1098 2207 1133 2249 ὲ
1149 2206 1204 2248 37
1215 2215 1229 2232 S
1245 2217 1358 2248 esse
1379 2210 1614 2260 repertus
1636 2211 1727 2249 est.
1746 2208 1942 2261 Itaque,
1960 2207 2211 2261 quoniam
2231 2219 2325 2261 per
2339 2207 2461 2250 inte-

273 2288 363 2330 gra
384 2276 583 2318 minuta
596 2276 776 2329 Tycho
797 2280 1004 2330 tempus
1024 2276 1306 2327 indicabat,
1323 2277 1586 2319 maximas
1601 2277 1925 2332 Stellaeburgi
1938 2277 2184 2320 Armillas
2193 2278 2330 2333 J'uste
2344 2263 2464 2333 pro:

273 2347 423 2389 batas
445 2358 557 2389 esse
578 2346 697 2389 hinc
720 2351 952 2400 apparet.
972 2348 1180 2389 Addere
1200 2359 1327 2389 vero
1348 2359 1645 2401 possumus,
1665 2359 1788 2390 curn
1810 2348 1912 2391 hoc
1935 2349 2132 2402 optime
2153 2360 2456 2403 congruere,

273 2418 413 2470 quod
442 2417 551 2471 ipse
576 2417 615 2458 T
616 2417 756 2470 ycho
784 2429 965 2459 mense
992 2418 1274 2460 Decembri
1301 2419 1422 2460 anni
1453 2418 1558 2460 1591
1590 2419 1834 2462 omnibus
1859 2419 2113 2473 temporis
2138 2419 2459 2463 iudicationi-

273 2488 383 2538 bus‚
416 2499 535 2541 quae
569 2500 734 2541 usque
765 2489 832 2530 ad
861 2488 912 2530 id
941 2492 1148 2542 tempus
1180 2500 1274 2542 per
1299 2488 1544 2531 Armillas
1580 2490 1844 2532 maximas
1874 2490 2033 2533 factae
2063 2489 2259 2541 essent,
2278 2490 2321 2535 -Ι-
2349 2491 2458 2533 7‘:

275 2558 317 2603 4-
331 2558 412 2600 28S
428 2558 701 2601 adicienda
717 2570 829 2601 esse
843 2559 1107 2613 repererit.
1118 2561 1211 2602 Per
1224 2560 1321 2601 has
1335 2559 1582 2602 Armillas
1597 2564 1865 2603 cometam
1881 2561 2003 2603 anni
2022 2560 2132 2603 1585
2149 2561 2457 2604 ascensione

274 2632 417 2671 recta
443 2640 566 2671 cum
594 2630 907 2682 quibusdam
928 2630 1085 2672 stellis
1106 2630 1477 2684 principalibus
1499 2633 1641 2673 certe
1662 2631 1885 2674 definitis
1904 2632 2086 2685 Tycho
2108 2632 2456 2686 comparavit,

273 2700 675 2742 declinationem
696 2712 823 2743 vero
852 2701 1041 2743 eodem
1068 2701 1412 2744 instrumento
1441 2701 1708 2744 dimensus
1729 2705 1820 2745 est.
1844 2704 1917 2744 Ex
1937 2705 2050 2745 tota
2071 2702 2262 2744 harum
2284 2703 2459 2746 obser-

272 2771 537 2813 vationem
564 2771 695 2813 serie
723 2783 878 2813 axem
898 2772 1137 2825 polarem
1157 2771 1495 2813 Armillarum
1518 2774 1766 2826 angulum
1787 2785 1910 2816 cum
1930 2773 2220 2823 horizonte,
2244 2773 2331 2827 qui
2352 2774 2459 2816 alti-

271 2841 447 2883 tudine
473 2841 578 2894 poli
604 2841 727 2884 solis
754 2841 846 2883 65¹¹
865 2843 900 2885 ὲ
919 2842 1012 2884 33“
1032 2842 1203 2896 major
1230 2845 1381 2893 esset,
1404 2853 1527 2884 cum
1555 2844 1847 2887 meridiano
1876 2847 2054 2886 autem
2082 2845 2329 2898 angulum
2349 2847 2459 2887 tan-

271 2914 383 2952 tum
415 2911 507 2953 36¹⁴
532 2912 567 2955 „t
596 2912 683 2953 13¹¹
713 2912 966 2954 adversus
999 2913 1255 2955 orientem
1288 2913 1527 2956 effecisse
1565 2915 1736 2957 Peters
1774 2915 1983 2957 invenit.
2020 2916 2264 2957 Errorem
2296 2927 2456 2969 porro

272 2981 606 3024 verisimilem
639 2982 789 3024 unius
822 2982 1204 3026 observationis
1237 2983 1599 3027 declinationis
1632 2988 1859 3028 cometae
1884 2986 1919 3029 ὲ
1938 2985 2031 3028 49”
2057 2985 2215 3028 fuisse
2243 2985 2455 3037 invenit,

272 3052 422 3093 unius
450 3052 768 3095 ascensionis
795 3057 955 3095 rectae
981 3055 1016 3097 ὲ
1041 3054 1092 3096 81
1109 3056 1149 3105 ”,
1172 3065 1408 3096 errorem
1428 3054 1579 3108 igitur
1599 3055 1937 3098 verisimilem
1960 3056 2131 3110 anguli
2151 3055 2348 3098 horalis
2369 3056 2457 3099 ob-

273 3122 464 3163 servati
481 3123 516 3166 ss
532 3123 586 3164 57
599 3125 639 3172 ”,
655 3123 698 3165 si
713 3124 938 3166 eundem
953 3128 1179 3167 cometae
1197 3135 1258 3166 ac
1275 3125 1439 3167 stellae
1455 3136 1691 3169 errorem
1706 3126 1864 3169 fuisse
1880 3126 2148 3169 confidere
2162 3127 2355 3169 liceret.
2375 3127 2456 3168 Er-

333 3205 342 3228 ¹
364 3205 713 3239 Astronomische
734 3206 1015 3241 Nachrichten
1038 3208 1167 3242 XXIX
1188 3219 1224 3251 p.
1241 3208 1309 3242 209
1324 3218 1410 3252 sqq.
1427 3209 1564 3251 (1849).
