2678 4069
206 102 296 153 312
736 89 1424 145 ANNOTATIONES
1451 88 1854 141 EDITORIS

263 240 340 279 De
366 238 574 278 illorum
600 237 903 285 temporum
925 231 1101 272 diariis
1123 228 1448 282 astrologicis
1469 231 1520 270 et
1541 226 1962 280 meteorologicis
1984 226 2185 280 egimus
2205 226 2257 267 in
2276 227 2392 267 Pro-

203 307 500 363 legomeniS.
534 305 776 346 Ceterum
807 302 871 343 de
901 301 1103 343 ratione
1133 300 1286 354 hujus
1316 298 1466 340 diarii
1494 299 1605 351 ipse
1633 298 1815 350 Tycho
1846 297 1997 350 plene
2028 296 2311 350 disputavit
2341 297 2393 337 in

202 377 510 433 praefatione
531 375 576 417 ei
596 373 872 427 praemissa
892 372 1012 427 (vid.
1026 382 1186 424 supra
1200 382 1248 423 p.
1263 370 1318 412 35
1334 369 1481 425 sqq.).
1501 368 1617 410 Hoc
1633 369 1808 410 solum
1825 368 1934 422 ejus
1949 367 2150 421 generis
2165 367 2392 409 diarium

203 451 267 491 ab
296 460 358 490 eo
386 446 689 489 confectum
715 446 905 493 exstat;
935 454 1000 484 ex
1025 442 1086 483 iis
1115 444 1294 483 autem
1321 439 1514 490 diariis,
1538 451 1658 492 quae
1684 441 1870 492 postea
1890 449 1985 491 per
2005 438 2204 490 aliquot
2225 448 2392 479 annos

202 518 460 561 Friderico
491 516 535 557 II
566 515 672 568 regi
700 515 772 556 ita
795 513 996 568 jubenti
1029 524 1152 554 eum
1186 511 1390 553 misisse
1422 512 1646 560 constat,
1679 510 1883 551 nullum
1909 509 2024 562 jam
2058 511 2392 550 asservatum

201 593 292 639 est,
315 600 410 630 nec
440 586 664 629 dubitari
690 587 876 638 potest,
900 583 1023 636 quin
1050 584 1215 624 multo
1243 581 1489 624 breviora
1517 592 1680 634 quam
1707 580 1810 622 hoc
1838 579 2030 621 fuerint
2056 582 2107 621 et
2133 590 2224 621 eas
2250 579 2393 620 solas

201 658 572 713 explicationes
594 667 795 705 eorum,
813 666 933 708 quae
955 666 1019 696 ex
1041 652 1341 706 aspectibus
1361 653 1697 705 planetarum
1718 653 2070 693 consecutura
2092 660 2206 692 esse
2227 648 2394 691 existi-

201 733 485 779 marentur,
508 726 870 776 continuerint,
895 737 1014 778 quae
1037 724 1211 777 aliquo
1234 723 1396 765 modo
1419 722 1487 764 ad
1507 732 1686 775 regem
1709 720 1999 763 attinerent.

216 852 282 901 II.
317 850 430 900 AD
458 846 953 899 ADDITIONES
979 845 1095 896 AD
1124 841 1921 966 CfftffithTATIONEM
1950 841 2056 891 DE
2084 840 2375 892 ECLIPSI

258 1008 436 1049 Insunt
462 1006 547 1048 hae
576 1004 868 1047 additiones
894 1003 945 1044 in
972 1001 1156 1044 codice
1176 1000 1571 1043 Vindobonensi
1597 1000 1683 1041 lat.
1711 998 1904 1050 lO686¹⁷‚
1928 998 2015 1052 qui
2036 1009 2159 1040 eam
2185 1001 2394 1051 partem

197 1078 311 1121 libri
331 1076 415 1119 De
436 1087 577 1118 nova
599 1075 760 1117 stella
776 1074 1022 1124 continet,
1040 1085 1144 1126 qua
1160 1072 1224 1114 de
1240 1071 1419 1125 eclipsi
1435 1072 1601 1113 Lunae
1618 1070 1800 1123 agitur.
1826 1069 1979 1112 Hanc
1995 1069 2202 1111 videtur
2210 1069 2393 1122 Tycho

196 1150 247 1191 in
275 1148 488 1191 officina
514 1159 610 1189 sua
638 1147 810 1189 denuo
837 1144 977 1198 typis
1005 1143 1410 1186 describendam
1438 1141 1724 1191 curavisse,
1749 1152 1873 1183 cum
1903 1139 2111 1182 numeri
2139 1140 2398 1193 quaterni-

198 1232 360 1263 onum
389 1223 439 1261 et
465 1218 777 1272 paginarum
804 1216 960 1258 simul
989 1226 1114 1257 cum
1135 1213 1580 1267 praeceptionibus
1600 1211 2003 1266 typothetarum
2023 1211 2075 1252 in
2094 1223 2252 1253 usum
2274 1211 2398 1253 Ger-

198 1291 408 1333 manica
427 1290 600 1343 lingua
615 1287 820 1341 scriptis
834 1287 886 1328 in
901 1286 1136 1340 margine
1151 1284 1501 1338 reperiantur;
1524 1283 1779 1337 praecepit
1791 1282 1973 1336 Tycho
1989 1285 2185 1335 praeter
2201 1282 2318 1332 alia,
2341 1285 2398 1324 ut

198 1361 488 1404 additiones
508 1359 689 1402 litteris
712 1358 922 1401 minutis
943 1357 1219 1412 (inclinatis
1233 1357 1316 1398 vel
1336 1354 1579 1411 antiquis)
1601 1354 2037 1396 describerentur.
2062 1354 2194 1395 Cum
2210 1352 2396 1395 mortis

196 1432 439 1474 Friderici
461 1431 505 1472 ΙΙ
527 1431 660 1485 regis
682 1429 880 1472 mentio
901 1428 995 1470 fiat
1014 1428 1080 1483 (p.
1108 1427 1223 1483 132),
1251 1430 1370 1480 post
1397 1437 1637 1468 mensem
1657 1425 1893 1479 Aprilem
1915 1437 1960 1466 a.
1988 1423 2100 1466 1588
2121 1424 2219 1466 has
2239 1423 2398 1477 scrip-

195 1507 276 1545 tas
298 1514 411 1545 esse
433 1505 671 1555 apparet;
696 1504 746 1543 et
767 1512 831 1542 ex
851 1499 1190 1541 annotatione
1205 1501 1324 1552 post
1339 1497 1737 1540 observationes
1754 1496 1875 1538 anni
1894 1495 2005 1538 1565
2019 1495 2216 1538 inserta
2231 1496 2396 1538 verba

198 1587 228 1616 a
249 1586 296 1628 p.
324 1574 455 1624 135‚21
480 1573 547 1614 ad
567 1584 616 1626 p.
643 1571 760 1622 136,4
787 1571 838 1612 in
858 1570 1212 1624 Epistularum
1239 1568 1724 1611 astronomicarum
1751 1568 1854 1610 vol.
1879 1567 1923 1608 ΙΙ
1952 1566 2040 1609 fol.
2063 1567 2114 1608 51
2146 1567 2286 1620 typis
2313 1566 2397 1609 de-

196 1645 391 1698 scripta
412 1655 525 1686 esse
546 1643 808 1693 videmus;
839 1641 931 1683 sed
950 1641 1054 1683 hoc
1076 1641 1328 1682 volumen
1349 1641 1556 1694 prelum
1577 1650 1872 1692 numquam
1894 1637 2115 1691 reliquit.
2147 1637 2219 1679 Cf.
2243 1638 2398 1693 hujus

197 1715 435 1758 editionis
464 1718 592 1756 tom.
622 1713 666 1754 X
696 1725 743 1766 p.
778 1712 844 1754 13.
880 1712 937 1753 In
964 1711 1195 1765 epistulis
1220 1711 1258 1753 T
1260 1711 1486 1764 ychonis
1515 1711 1602 1753 illo
1631 1713 1875 1763 tempore
1905 1708 2040 1751 datis
2070 1709 2225 1763 hujus
2255 1720 2399 1751 com-

197 1785 530 1829 mentationis
551 1796 815 1837 nusquam
837 1782 1033 1825 mentio
1055 1782 1128 1824 fit.

256 1858 323 1899 ad
344 1869 391 1910 p.
419 1856 533 1906 132,1
557 1855 571 1911 ]
600 1855 781 1908 Neque
808 1855 926 1897 haec
955 1854 1143 1895 charta
1164 1853 1278 1907 jam
1307 1856 1493 1903 exstat,
1516 1863 1687 1905 neque
1714 1852 1765 1893 in
1793 1851 1936 1893 libris
1963 1851 2399 1893 observationum

194 1928 472 1981 Tychonis,
505 1927 592 1980 qui
623 1926 772 1968 annis
803 1937 833 1967 a
868 1924 973 1966 1571
1010 1925 1077 1966 ad
1112 1923 1224 1966 1573
1255 1924 1505 1966 deficiunt
1533 1923 1654 1979 (vid.
1684 1923 1973 1977 Prolegom.
2004 1934 2051 1976 p.
2076 1922 2164 1978 XI)
2194 1922 2399 1975 eclipsis

197 2000 669 2041 commemoratur.

449 2119 544 2169 III.
584 2117 699 2168 AD
728 2115 1142 2168 EXCERPTA
1170 2116 1275 2166 EX
1302 2114 1645 2167 LITTERIS
1672 2115 2142 2167 AMICORUM.

258 2206 324 2247 ad
345 2218 392 2259 p.
420 2205 571 2260 141,12]
598 2204 624 2255 J
630 2216 718 2246 am
741 2203 959 2246 Octobri
989 2213 1171 2244 mense
1199 2203 1408 2244 stellam
1439 2202 1783 2244 observatam
1813 2213 1943 2252 esse,
1975 2201 2209 2243 nonnulli
2238 2200 2396 2254 scrip-

197 2280 338 2319 tores
365 2275 767 2325 contendebant,
800 2275 884 2316 alii
910 2285 1038 2316 vero
1066 2274 1257 2315 diserte
1283 2273 1567 2326 negabant;
1599 2284 1769 2326 neque
1798 2275 1918 2314 ante
1945 2271 2276 2322 Schulerum,
2309 2271 2396 2324 qui

199 2347 246 2388 d.
263 2346 290 2388 6
306 2360 374 2388 m.
394 2346 709 2388 Novembris
730 2346 864 2387 hora
884 2344 911 2386 6
928 2357 972 2386 a.
992 2357 1060 2386 m.
1085 2355 1206 2386 eam
1229 2344 1547 2395 observavit,
1571 2355 1899 2397 quemquam
1920 2355 2042 2385 eam
2062 2343 2255 2385 vidisse
2276 2353 2397 2385 con-

199 2421 315 2460 stat.
338 2417 452 2459 Vid.
476 2417 628 2471 hujus
650 2415 888 2458 editionis
908 2418 1036 2457 tom.
1061 2415 1146 2456 ΙΙΙ.

199 2541 330 2599 AD
356 2539 910 2599 ORATIONEM
935 2539 1058 2597 DE
1084 2538 1634 2598 DISCIPLINIS
1658 2537 2393 2597 MATHEMATICIS.

260 2640 391 2683 Haec
424 2640 592 2682 oratio
622 2639 864 2693 praefatio
896 2642 973 2681 est
1001 2639 1419 2692 praelectionum,
1454 2651 1586 2691 quas
1620 2642 1877 2681 autumno
1912 2638 2033 2680 anni
2067 2638 2179 2680 1574
2207 2638 2259 2680 in
2289 2638 2397 2680 uni-

199 2711 446 2754 versitate
469 2710 951 2763 HauniensiTycho
973 2709 1171 2751 habuit.
1190 2709 1247 2750 In
1270 2710 1476 2751 duabus
1497 2709 1607 2763 ejus
1629 2710 1959 2760 editionibus,
1977 2721 2097 2762 quae
2118 2713 2238 2762 post
2258 2719 2395 2751 mor-

199 2785 309 2824 tem
328 2782 366 2822 T
369 2781 592 2835 ychonis
613 2781 934 2834 prodierunt,
958 2783 1198 2822 extrema
1219 2792 1343 2833 pars
1364 2780 1618 2822 orationis
1640 2781 1806 2823 multo
1829 2780 2040 2823 brevior
2061 2784 2139 2822 est
2160 2792 2323 2833 quam
2344 2779 2396 2821 in

200 2863 264 2894 eo
292 2852 475 2894 codice
503 2864 666 2894 manu
692 2851 904 2904 scripto,
929 2862 1089 2904 quem
1116 2862 1212 2893 nos
1240 2850 1406 2893 secuti
1426 2863 1626 2901 sumus,
1650 2854 1701 2893 et
1721 2852 1867 2893 deest
1888 2851 2049 2893 etiam
2071 2851 2396 2893 additamen-

199 2926 314 2964 tum
345 2922 411 2978 (p.
451 2922 713 2978 170—173)‚
749 2922 896 2976 cujus
929 2921 1114 2963 ultima
1147 2922 1311 2964 verba
1344 2925 1560 2975 propter
1591 2922 1974 2964 lacerationem
2008 2922 2211 2964 chartae
2244 2921 2396 2963 inter-

201 2993 451 3036 ciderunt.

261 3064 329 3105 ad
349 3075 397 3116 p.
425 3063 576 3119 147‚21]
599 3063 803 3116 Ioseph.
825 3061 950 3103 Ant.
975 3062 1087 3103 Iud.
1113 3062 1132 3103 I
1155 3062 1217 3112 8‚2
1237 3062 1302 3118 (p.
1331 3062 1412 3105 167
1435 3062 1621 3119 Niese).

261 3134 328 3175 ad
348 3145 396 3187 p.
424 3133 541 3184 148,ss
561 3133 575 3189 ]
598 3133 802 3186 Ioseph.
824 3131 949 3174 Ant.
974 3132 1085 3174 Iud.
1111 3133 1130 3173 I
1152 3133 1214 3183 2‚3
1235 3134 1301 3189 (p.
1325 3133 1382 3175 68
1402 3134 1549 3190 sqq.).
