2678 4069
779 301 1445 354 PROLEGOMENA
1472 302 1874 354 EDITORIS
2281 301 2417 352 XIII

233 454 382 485 mum
412 442 587 483 lucem
614 439 745 482 vidit
772 440 876 482 hoc
907 439 1147 491 diarium,
1175 444 1231 483 ut
1267 443 1566 496 exemplum
1597 441 1856 495 praeberet
1885 441 2174 483 litterarum
2201 442 2416 496 generis,

234 512 377 567 quod
397 512 596 554 saeculo
617 510 733 552 XVI
756 522 862 553 non
883 510 1220 553 mediocriter
1248 512 1438 555 floruit.
1467 514 1607 555 Patet
1637 513 1770 563 inde,
1795 513 2164 566 astrologicum
2195 513 2417 554 diarium

233 595 365 634 esse,
396 582 449 624 in
484 593 588 635 quo
623 581 687 624 de
721 593 868 623 aurae
900 584 1066 623 status
1099 582 1526 635 praedictionibus
1559 583 1822 637 praecipue
1850 587 2047 637 agatur,
2080 587 2234 636 atque
2259 584 2417 626 etiam

233 654 340 698 suis
371 653 534 707 ipsius
567 652 1042 702 observationibus,
1075 665 1205 705 quas
1239 654 1386 695 annis
1420 655 1837 707 praecedentibus
1869 654 2081 705 fecerat,
2113 655 2418 707 Tychonem

232 736 389 768 usum
419 735 534 766 esse
561 723 819 773 videmUS‚
848 726 903 764 ut
940 724 1059 766 loca
1094 724 1225 766 Solis
1259 736 1321 766 ac
1356 725 1519 766 Lunae
1547 736 1574 766 e
1600 725 1789 767 tabulis
1815 729 2095 778 supputata
2123 725 2417 779 corrigeret,

236 796 379 850 quod
399 806 558 837 nemo
579 805 782 843 eorum,
801 794 888 846 qui
907 794 1034 836 talia
1056 794 1222 836 diaria
1243 795 1505 837 conficere
1526 796 1779 846 solebant,
1796 796 2008 848 exsequi
2030 796 2208 849 potuit.
2226 797 2297 837 Ex
2315 797 2419 850 qui-

235 866 462 909 busdam
483 864 912 908 annotationibus
934 865 1195 918 dispersis,
1219 878 1337 918 quae
1359 869 1563 907 exstant
1584 866 1715 908 inter
1736 866 1930 919 primas
1945 867 2205 919 Tychonis
2226 867 2277 908 in
2299 867 2419 909 Ger-

234 937 414 980 mania
445 936 617 979 factas
654 935 1073 986 observationes,
1106 939 1248 989 patet
1277 948 1399 978 eum
1430 937 1818 978 adulescentem
1850 937 2097 990 peculiari
2127 949 2288 990 opera
2320 941 2419 979 stu-

235 1008 425 1059 duisse,
453 1011 510 1050 ut
541 1007 677 1049 inter
706 1006 1113 1050 collocationem
1145 1007 1434 1049 caelestium
1465 1011 1514 1049 et
1545 1019 1688 1049 aurae
1718 1011 1911 1049 statum
1944 1008 2172 1061 aliquam
2202 1009 2419 1051 necessi-

234 1080 473 1122 tudinem
492 1078 759 1132 reperiret.
784 1078 842 1119 In
861 1078 966 1121 hoc
987 1078 1113 1119 nihil
1136 1078 1275 1120 aliud
1298 1091 1457 1131 quam
1479 1082 1715 1121 veterum
1737 1091 1941 1121 morem
1962 1083 2170 1121 secutus
2191 1083 2281 1120 est.
2300 1079 2326 1129 J
2331 1092 2418 1121 am

237 1151 380 1205 apud
410 1150 630 1193 Graecos
661 1149 963 1192 calendaria
994 1150 1243 1203 quaedam
1272 1150 1665 1203 reperiebantur
1693 1150 1744 1191 in
1775 1150 2030 1192 columnis
2061 1150 2236 1199 affixa,
2268 1162 2419 1201 παρα-

235 1219 469 1274 πήγματα
485 1232 605 1275 quae
626 1220 974 1271 vocabantur,
992 1232 1112 1274 quae
1135 1232 1279 1262 aurae
1301 1224 1495 1262 statum
1517 1221 1839 1271 indicabant;
1863 1221 2313 1263 observationibus
2333 1221 2417 1263 hae

235 1292 536 1336 nitebantur
556 1295 606 1334 et
627 1291 816 1345 cuique
837 1292 960 1334 anni
980 1291 1115 1345 parti
1135 1291 1280 1333 illum
1301 1292 1473 1333 solum
1489 1303 1633 1333 aurae
1648 1295 1842 1333 statum
1856 1292 2172 1342 indicabant,
2191 1292 2276 1345 qui
2292 1303 2420 1345 prae-

237 1365 416 1407 valere
442 1364 664 1414 solebat,
686 1374 785 1406 nec
813 1363 1024 1417 proprie
1052 1362 1421 1416 praedictiones
1448 1363 1550 1405 dici
1577 1366 1832 1416 poterant.
1857 1363 1988 1413 Quia
2014 1375 2140 1405 vero
2168 1363 2219 1404 in
2244 1363 2303 1405 iis
2330 1375 2422 1416 per

239 1435 575 1489 quorundam
597 1437 863 1477 astrorum
884 1437 1060 1477 ortum
1081 1437 1131 1476 et
1153 1445 1406 1476 occasum
1427 1434 1689 1476 heliacum
1711 1434 1819 1476 dies
1834 1433 2271 1487 significabantur,
2289 1437 2423 1487 post-

237 1507 362 1557 hac,
394 1518 518 1549 cum
551 1505 924 1560 praedictiones
956 1505 1166 1548 usitatae
1204 1508 1254 1547 et
1293 1506 1613 1559 pervulgatae
1645 1505 1849 1555 fierent,
1882 1505 2054 1558 opinio
2086 1505 2421 1558 percrebruit,

239 1590 385 1621 aurae
406 1580 604 1620 statum
624 1588 689 1619 ex
711 1576 865 1619 astris
887 1577 1199 1631 dependere.
1218 1576 1353 1619 Huic
1376 1576 1604 1630 opinioni
1626 1588 1949 1629 quamquam
1967 1575 2267 1617 GEMINUS
2282 1575 2424 1630 (Ele-

237 1649 401 1691 ment.
425 1649 626 1691 astron.
651 1660 767 1702 cap.
791 1648 952 1704 XVII)
978 1648 1183 1691 fortiter
1208 1648 1486 1691 oblocutus
1514 1650 1606 1697 est,
1628 1646 1825 1700 integra
1850 1650 2028 1688 tamen
2055 1646 2302 1688 manebat
2323 1650 2372 1687 et
2393 1659 2423 1688 a

238 1719 628 1763 PTOLEMAEO
649 1719 702 1762 in
723 1731 882 1774 opere
904 1719 1237 1773 astrologico,
1256 1719 1397 1772 quod
1411 1717 1745 1760 Tetrabiblos
1760 1718 2063 1771 appellatur,
2081 1718 2148 1759 ad
2168 1717 2423 1759 rationem

238 1794 491 1834 revocata
524 1794 617 1834 est.
651 1791 709 1833 In
742 1792 950 1845 Europa
981 1794 1222 1845 tempore
1256 1789 1644 1832 renascentium
1674 1789 2032 1831 doctrinarum
2061 1788 2425 1841 praedictiones

236 1862 567 1916 tempestatis
589 1866 963 1916 apparuerunt,
980 1874 1078 1905 nec
1099 1863 1265 1905 multo
1288 1863 1406 1915 post
1427 1860 1586 1903 etiam
1602 1860 1794 1913 publici
1809 1862 2024 1901 eventus
2040 1858 2253 1912 praedici
2269 1858 2424 1911 coepti

238 1936 373 1976 sunt.
395 1934 548 1976 Anno
579 1933 688 1977 fere
719 1933 831 1976 1470
859 1935 943 1976 vel
974 1934 1121 1977 brevi
1151 1936 1270 1987 post
1299 1932 1529 1986 primum
1557 1931 1695 1985 typis
1726 1930 2000 1984 descriptae
2030 1933 2080 1972 et
2108 1930 2424 1983 pervulgatae

238 2007 373 2056 sunt,
395 2005 540 2048 initio
563 2005 777 2059 quidem
797 2005 885 2057 ita,
907 2008 965 2048 ut
984 2017 1075 2048 eas
1095 2007 1302 2047 tantum
1323 2003 1640 2045 mutationes
1662 1999 2148 2055 complecterentur,
2166 2013 2284 2053 quae
2306 2011 2425 2042 curn

240 2077 406 2119 Lunae
436 2076 688 2130 phasibus
719 2077 1018 2131 conJunctae
1047 2079 1241 2127 essent;
1274 2079 1325 2118 et
1354 2075 1496 2118 circa
1527 2085 1723 2116 annum
1748 2072 1858 2114 1500
1879 2083 2126 2113 numerus
2156 2083 2353 2121 earum,
2374 2071 2425 2111 in

240 2148 527 2190 Germania
556 2147 826 2202 praecipue
852 2151 903 2191 et
930 2147 1096 2199 Italia,
1123 2146 1345 2189 mirifice
1376 2148 1616 2189 creverat
1642 2148 1693 2187 et
1717 2155 1812 2198 per
1836 2146 2006 2186 totum
2032 2143 2285 2184 saeculum
2311 2141 2424 2182 XVI

240 2230 480 2262 crescere
507 2219 880 2273 perseveravit.
905 2219 1005 2270 Qui
1032 2230 1123 2261 eas
1151 2217 1571 2267 conscribebant,
1600 2227 1743 2269 saepe
1770 2217 1918 2257 erant
1944 2213 2182 2256 homines
2209 2212 2333 2254 satis
2358 2212 2428 2253 in-

240 2290 381 2342 culti,
397 2290 484 2344 qui
505 2290 650 2333 haud
669 2290 742 2332 ita
761 2302 885 2334 raro
900 2290 1064 2333 risum
1086 2289 1406 2344 praeberent3
1431 2288 1576 2343 cujus
1597 2287 1671 2329 rei
1685 2286 1865 2341 Tycho
1882 2285 2040 2327 etiam
2054 2285 2106 2326 in
2119 2283 2427 2338 praefatione

241 2361 567 2405 mentionem
587 2361 729 2404 facit.
754 2361 872 2405 Hoc
893 2365 1006 2404 tum
1028 2372 1238 2415 quoque
1260 2360 1435 2414 aliqua
1456 2371 1521 2402 ex
1541 2362 1689 2412 parte
1703 2357 1883 2411 Tycho
1905 2355 2193 2409 respexisse
2207 2354 2425 2403 videtur,

242 2444 366 2476 cum
385 2433 581 2476 multos
601 2432 673 2474 ita
694 2432 997 2475 existimare
1017 2432 1231 2483 diceret,
1254 2443 1360 2474 non
1381 2431 1568 2473 decere
1589 2429 1859 2471 hominem
1880 2427 2109 2470 nobilem
2129 2426 2288 2467 libros
2310 2436 2427 2467 con-

240 2503 487 2547 scribere.
506 2503 623 2547 Hac
644 2504 758 2547 sola
779 2504 844 2546 de
866 2515 1029 2547 causa
1051 2503 1276 2545 diarium
1298 2513 1420 2544 eum
1441 2500 1732 2544 confecisse
1753 2498 2009 2541 affirmari
2028 2499 2213 2551 potest,
2229 2499 2284 2538 ut
2303 2499 2427 2537 tem-

239 2574 456 2629 pestatis
478 2574 601 2617 anni
625 2575 736 2617 1573
757 2587 882 2618 vere
904 2574 1205 2618 observatae
1227 2572 1627 2627 comparatione
1647 2571 1790 2613 facta
1817 2569 2031 2612 rationis
2052 2567 2325 2610 veritatem
2347 2578 2428 2608 ex-

240 2645 522 2697 aminaret;
545 2645 620 2688 sic
648 2646 789 2688 enim
816 2645 1110 2688 IOANNES
1132 2644 1410 2686 WERNER
1430 2655 1555 2685 usus
1577 2645 1690 2684 erat
1711 2639 2134 2683 annotationibus
2154 2641 2428 2692 tempesta-

238 2717 304 2759 tis
325 2727 589 2760 annorum
610 2729 641 2759 a
666 2717 777 2759 1513
799 2718 868 2759 ad
892 2716 1019 2768 1530,
1042 2719 1200 2770 atque
1226 2716 1337 2769 ipse
1363 2715 1524 2757 etiam
1543 2713 1724 2767 Tycho
1752 2713 1940 2754 eadem
1965 2710 2167 2752 ratione
2187 2711 2305 2752 loca
2325 2710 2428 2762 pla-

238 2791 484 2830 netarum
505 2799 534 2831 e
553 2788 745 2831 tabulis
765 2800 976 2842 semper
994 2787 1330 2842 supputabat,
1346 2789 1403 2827 ut
1421 2783 1875 2828 observationibus
1890 2782 1995 2825 suis
2011 2780 2210 2824 collatis
2223 2780 2428 2822 tabulas

240 2858 502 2913 corrigere
521 2862 715 2912 posset.

301 2930 606 2984 Numquam
625 2929 863 2984 Tychoni
892 2929 1106 2972 ultimus
1132 2928 1250 2970 finis
1276 2927 1570 2970 studiorum
1598 2924 1878 2978 astrologia
1905 2926 2031 2966 erat.
2062 2922 2112 2964 Si
2138 2922 2426 2976 intellegere

238 3001 502 3052 volumus,
525 3001 797 3054 quomodo
826 3001 891 3044 de
912 3013 975 3044 ea
997 2998 1326 3055 judicaverit,
1349 2996 1609 3040 memoria
1628 2996 1912 3039 tenendum
1934 2997 2025 3043 est,
2049 2994 2152 3035 duo
2172 2992 2329 3034 fuisse
2350 3004 2428 3045 ge-

238 3083 367 3115 nera
395 3072 711 3127 astrologiae,
734 3083 962 3126 quorum
990 3074 1274 3124 utrumque
1301 3082 1332 3111 a
1361 3068 1560 3111 Graecis
1588 3066 1839 3120 originem
1864 3067 2117 3114 traxerat;
2147 3064 2238 3105 sed
2264 3064 2426 3104 altera

238 3143 413 3185 solum
440 3143 742 3197 astrologia,
765 3146 817 3186 et
837 3143 889 3185 id
911 3142 1124 3196 quidem
1146 3139 1403 3183 inferioris
1425 3138 1634 3188 ordinis,
1658 3137 1816 3179 etiam
1837 3135 2037 3188 longius
2058 3133 2219 3187 repeti
2239 3136 2422 3186 potest.

241 3214 277 3255 E
298 3213 590 3267 Babylonia
612 3214 803 3265 Graeci,
825 3214 961 3256 sicut
981 3213 1142 3256 etiam
1163 3210 1413 3265 AEgyptii‚
1435 3212 1554 3263 post
1567 3206 1849 3250 Alexandri
1869 3209 2082 3248 aetatem
2103 3204 2244 3245 illam
2267 3206 2425 3244 astro-

238 3283 433 3338 logiam
465 3288 800 3338 acceperant,
832 3296 953 3338 quae
983 3284 1306 3337 singulorum
1334 3280 1609 3323 hominum
1641 3279 1751 3320 fata
1784 3276 2072 3330 praedicere
2104 3273 2344 3316 studebat
2376 3275 2426 3313 et

242 3366 366 3397 cum
405 3355 518 3398 aliis
557 3355 918 3410 compluribus
956 3351 1409 3408 superstitionibus
1448 3350 1727 3404 conjuncta
1766 3349 1892 3389 erat.
1923 3346 2118 3387 Verum
2158 3342 2423 3396 opiniones
