2678 4069
222 98 290 147 28
948 87 1060 137 DE
1088 85 1328 137 NOVA
1355 83 1671 137 STELLA

223 236 528 285 Cometam
548 232 717 292 supra
738 229 968 278 Lunam
988 229 1050 276 in
1069 225 1296 289 sphaera
1315 226 1560 277 Veneris
1583 225 1896 277 obseruasse
1918 225 2218 275 existimat:
2244 223 2402 287 quod

222 321 298 355 an
318 303 438 365 fierj
462 302 634 364 possit,
656 299 824 349 nobis
845 297 1112 348 nondum
1133 295 1368 347 constat:
1398 296 1510 347 Sed
1531 297 1664 347 Deo
1685 297 1858 347 dante
1880 294 2217 359 aliquand0‚
2239 294 2279 344 fi
2299 309 2401 344 no-

219 374 326 424 stra
346 378 512 422 aetate
534 370 743 432 aliquis
769 369 1013 418 extiterit
1035 367 1299 426 Cometa,
1328 369 1453 418 eius
1479 370 1558 431 rej
1591 367 1995 418 certitudinem
2020 367 2402 428 inquiremus.

220 444 353 493 Hoc
387 441 481 491 etfi
513 455 718 490 verum
754 439 854 488 esse
890 453 1183 501 ponamus
1215 437 1395 500 (quod
1424 440 1543 488 vna
1573 453 1707 488 cum
1737 437 2010 488 omnibus
2040 434 2404 498 Philosophis

219 516 315 563 vix
348 510 608 571 admitto)
638 516 836 560 tamen
868 524 990 559 non
1022 508 1276 571 sequitur
1305 507 1459 558 hanc
1488 508 1716 559 stellam
1743 507 2127 558 Cometarum
2157 507 2258 556 esse
2285 505 2403 568 spe·
2455 517 2476 550 5

221 586 388 633 ciem:
416 588 540 631 tum
565 586 798 643 propter
825 579 1006 642 ipsam
1032 578 1299 638 formam,
1328 594 1508 641 quam
1531 578 1706 629 habet
1727 594 1861 629 cum
1880 580 2031 628 veris
2052 576 2230 628 stellis
2252 591 2405 627 com-

219 667 475 711 munem,
516 650 566 700 8(
604 650 677 701 ab
717 652 986 700 omnium
1023 647 1305 700 hactenus
1337 649 1593 700 visorum
1626 649 2010 700 Cometarum
2047 647 2235 711 figura
2267 647 2405 697 dissi-

219 723 438 773 milem:
466 728 591 771 tum
617 720 776 783 quod
803 720 968 770 nullo
994 726 1158 770 motu
1184 722 1439 783 propri0‚
1466 726 1628 771 tanto
1654 726 1932 783 tempore,
1960 718 2054 769 vel
2074 721 2136 768 in
2155 718 2405 769 latitudi-

220 809 370 852 nem,
398 792 490 842 vel
517 794 577 841 in
597 791 1023 854 longitudinem
1042 792 1312 853 processit,
1340 797 1398 841 vt
1419 793 1481 841 in
1502 790 1763 842 Cometis
1784 790 1906 854 fierj
1932 788 2408 841 animaduersum

221 870 316 914 est.
352 864 507 913 Licet
528 865 686 912 enim
706 861 768 911 hi
788 861 1109 925 aliquando
1131 864 1193 911 in
1212 877 1330 911 vno
1351 861 1482 912 loco
1503 877 1606 924 per
1626 861 1850 924 aliquot
1871 861 1993 911 dies
2014 859 2305 923 quiescere
2325 861 2406 909 vi·
2461 869 2502 903 10

220 935 488 984 deantur:
515 939 713 983 tamen
733 947 856 982 non
876 935 956 982 ita
976 932 1092 991 diu,
1115 947 1222 982 nec
1243 934 1323 983 ita
1345 931 1558 991 exacte,
1586 932 1889 996 diligenter
1908 947 2011 994 per
2032 930 2409 981 instrumenta

220 1004 495 1067 exquisita
510 1003 913 1054 obseruatione
928 1001 1093 1062 facta,
1116 1003 1370 1053 eundem
1383 1002 1615 1054 seruant
1628 1003 1891 1066 politum.
1915 1001 2224 1053 Concludo
2239 1003 2409 1065 igitur

219 1074 372 1125 hanc
393 1074 636 1133 stellam,
659 1089 781 1124 non
803 1075 904 1124 esse
919 1073 1100 1124 vllam
1115 1072 1498 1124 Cometarum
1518 1073 1781 1137 speciem,
1797 1073 1890 1123 vel
1910 1072 2151 1136 aliquod
2172 1075 2410 1136 igneum

220 1144 581 1204 metheoron,
608 1144 725 1195 fiue
746 1143 899 1195 infra
919 1145 1166 1203 Lunam,
1193 1144 1311 1195 siue
1331 1144 1503 1207 supra
1522 1151 1894 1208 generentur:
1922 1143 2016 1194 sed
2036 1143 2328 1194 lucentem
2348 1145 2410 1192 in

220 1215 340 1279 ipso
361 1215 731 1266 firmamento
753 1216 854 1265 esse
876 1215 1119 1274 stellam,
1140 1214 1306 1266 nulla
1327 1221 1496 1266 aetate
1518 1231 1554 1266 a
1573 1215 1775 1279 mundj
1802 1214 2042 1265 exordio
2064 1220 2199 1265 ante
2220 1213 2411 1264 nostra
2464 1223 2504 1256 15

220 1293 483 1349 tempora
502 1289 663 1349 prius
685 1284 1062 1349 conspectam.
1095 1286 1290 1349 Atque
1311 1285 1440 1336 haec
1461 1285 1532 1336 de
1553 1285 1734 1336 stellae
1757 1288 1881 1336 eius
1901 1285 2022 1345 fitu,
2049 1292 2176 1335 tum
2197 1300 2315 1348 quo
2336 1284 2411 1335 ad

221 1357 544 1416 zodiacum,
574 1363 699 1407 tum
729 1372 848 1420 quo
878 1356 953 1407 ad
981 1357 1184 1421 mundj
1215 1356 1582 1416 diametrum,
1611 1356 1662 1407 &
1689 1356 1818 1421 coelj
1850 1356 2034 1415 orbes,
2064 1355 2412 1407 sufficienter

222 1426 371 1479 dieta
391 1428 901 1491 demonstrataque
924 1430 1212 1478 existimo:
1236 1443 1394 1478 nunc
1415 1428 1490 1478 ad
1510 1427 1737 1491 reliqua
1756 1427 2108 1491 progrediar.
2131 1422 2151 1493 ΙΙ

344 1596 532 1684 DE
577 1595 1195 1685 EIVSDEM
1242 1596 2301 1700 MAGNITVDINE,
2447 1634 2521 1676 Dr

845 1725 1231 1795 LVMINE‚
1262 1725 1375 1785 ET
1403 1726 1791 1785 COLoRE.
2464 1741 2540 1776 20,

242 1891 291 1916 ,
457 1857 643 1872 ”
684 1851 1118 1903 AGNITUDO
1155 1851 1455 1903 stellarum
1493 1852 1722 1903 duobus
1757 1853 1947 1903 modis
1985 1852 2058 1904 ab
2098 1851 2415 1903 artificibus

242 1917 289 1938 ⁹
685 1922 1095 1973 consideratur:
1118 1939 1253 1982 vn0,
1282 1939 1400 1986 quo
1422 1923 1496 1974 ad
1516 1923 1795 1974 vifibilem
1816 1923 1868 1974 8(
1889 1929 2270 1987 apparentem
2296 1923 2414 1973 dia-

684 2000 955 2044 metrum:
984 1993 1183 2053 alter0,
1213 2009 1330 2057 quo
1352 1994 1426 2045 ad
1446 2010 1664 2054 veram,
1693 2010 1873 2057 quam
1898 1997 1960 2044 in
1986 1994 2107 2057 ipso
2135 1994 2286 2045 coelo
2313 1993 2415 2044 ha-

682 2064 818 2114 bent
850 2067 1247 2146 quantitatem.
1300 2065 1457 2115 Licet
1490 2068 1648 2115 enim
1679 2065 1852 2116 Rellae
1892 2065 2061 2116 nobis
2094 2065 2417 2116 admodum

496 2166 535 2207 2³*
602 2121 648 2196 ὲ
685 2134 1108 2197 conspiciantur
1135 2138 1377 2199 exiguae,
1407 2135 1458 2186 8(
1485 2151 1608 2186 non
1637 2136 1803 2187 aliter
1824 2152 2004 2199 quam
2030 2151 2233 2199 paruae
2261 2136 2416 2187 faces
2466 2145 2510 2178 25

293 2239 296 2242 -
518 2210 648 2227 ⁴
683 2208 745 2255 in
767 2205 917 2256 coelo
938 2205 1196 2256 lucentes
1217 2213 1563 2270 appareant:
1591 2213 1789 2258 tamen
1809 2222 1912 2270 per
1937 2207 2264 2271 ingeniosas
2285 2207 2415 2257 Ma-

227 2238 674 2326 thematicorum
696 2275 1126 2327 obseruationes
1148 2284 1512 2340 compertum
1533 2277 1623 2337 est,
1652 2293 1751 2329 eas
1772 2293 1894 2328 non
1914 2277 2102 2329 solum
2121 2280 2220 2342 totj
2244 2284 2416 2329 terre-

228 2346 314 2410 strj
334 2346 505 2427 globo
521 2346 779 2409 aequales
796 2348 913 2406 esse,
935 2347 1029 2397 sed
1043 2347 1214 2411 longe
1230 2347 1398 2398 illum
1411 2348 1513 2399 sua
1527 2349 1928 2413 magnitudine
1944 2349 2244 2400 excedere:
2267 2349 2416 2400 adeo

228 2423 289 2467 vt
302 2419 399 2466 vix
420 2416 618 2479 aliqua
637 2423 758 2467 tam
778 2420 987 2481 exigua
1007 2421 1068 2468 in
1088 2417 1461 2469 firmamento
1478 2419 1861 2482 conspiciatur
1874 2419 2047 2480 stella,
2070 2422 2213 2483 quin
2229 2420 2417 2470 decies

231 2486 420 2546 061103,
442 2487 516 2537 ad
536 2490 863 2547 minimum,
884 2494 1176 2539 terrenam
1195 2489 1414 2540 molem
1430 2497 1726 2553 exuperet:
1749 2498 1807 2541 vt
1820 2498 2047 2542 taceam
2062 2491 2290 2554 aliquas
2304 2493 2415 2554 pri·
2466 2498 2511 2532 30

230 2574 394 2608 mum
414 2557 702 2608 honorem
723 2558 1062 2618 obtinenteS,
1092 2563 1304 2611 centies
1332 2564 1644 2624 quinquies
1663 2568 1879 2613 terram
1899 2561 2299 2626 magnitudine
2321 2577 2415 2612 ex·
2466 2568 2493 2611 †

231 2629 448 2679 cedere.
483 2629 545 2679 Id
572 2629 701 2679 licet
726 2629 921 2680 multis
947 2631 1282 2682 incredibile
1302 2631 1590 2682 videatur:
1618 2638 1816 2683 tamen
1842 2632 2187 2684 immensam
2211 2648 2417 2683 earum

232 2715 268 2749 a
288 2698 456 2749 nobis
477 2699 808 2750 distantiam
829 2700 1205 2765 confiderantj
1230 2702 1462 2753 nullum
1481 2702 1742 2753 mouebit
1763 2704 2022 2754 dubium.
2046 2703 2418 2767 Quapropter

232 2769 327 2819 etsi
353 2769 480 2820 haec
507 2786 668 2821 noua
691 2770 871 2830 stella,
894 2774 1103 2835 exigua
1124 2788 1242 2835 quo
1263 2773 1338 2823 ad
1357 2773 1543 2824 visum
1563 2781 1863 2837 appareat:
1885 2781 2084 2825 tamen
2104 2790 2313 2825 reuera
2331 2776 2416 2824 in-

231 2847 459 2903 gentem
488 2839 661 2891 habet
692 2842 1169 2905 magnitudinem.
1213 2843 1354 2894 Non
1385 2850 1584 2895 tamen
1612 2844 1836 2908 semper
1865 2845 2120 2896 eiusdem
2149 2847 2418 2908 apparuit
2467 2853 2512 2887 35

232 2913 582 2973 quantitatis,
624 2912 782 2962 Nam
811 2912 883 2963 ab
913 2915 1095 2972 initio,
1128 2914 1322 2965 mense
1353 2914 1697 2979 Nouembrj‚
1732 2931 1850 2979 quo
1883 2919 2139 2979 primum
2169 2915 2418 2979 conspici

232 2984 420 3044 coepit,
448 2997 570 3031 non
597 2981 783 3032 solum
804 2999 1009 3033 omnes
1028 2983 1214 3035 stellas
1234 2984 1399 3044 fixas,
1426 2985 1520 3036 sed
1540 2986 1690 3049 ipsos
1712 2989 1887 3037 etiam
1906 2986 2191 3047 PlanetaS,
2221 2993 2274 3037 et
2295 2989 2417 3050 qui-

234 3052 366 3101 dem
398 3052 602 3102 Iouem
633 3059 758 3103 tum
788 3060 956 3104 terrae
989 3057 1341 3117 proximum,
1374 3056 1736 3138 Venerisque
1768 3057 1979 3108 illustre
2012 3057 2179 3117 fidus,
2216 3056 2418 3108 vifibili

233 3125 551 3185 quantitate
568 3123 951 3186 exsuperauit:
967 3119 1191 3191 ”postea
1204 3126 1516 3188 paulatim
1502 3130 1769 3191 imminuj
1789 3130 1978 3191 coepit,
1992 3128 2141 3179 adeo
2153 3134 2211 3179 vt
2225 3127 2418 3178 mense
2452 3135 2531 3176 Dv

2091 3199 2418 3262 Decembrj,

247 1848 322 1860 ..μμ-,κω
