2678 4069
750 323 1416 384 PROLEGOMENA
1445 336 1844 392 EDITORIS
2277 347 2403 398 LIII

220 458 640 510 »variationem«,
663 460 874 512 invenit,
898 465 1043 518 cujus
1066 477 1188 509 curn
1211 472 1635 524 magnitudinem,
1658 480 1769 519 turn
1792 480 1973 533 legem,
1997 495 2100 535 qua
2123 489 2311 537 ageret,
2334 486 2403 527 in-

215 526 424 570 dicavit.
449 528 507 570 In
527 531 748 585 epistula
769 532 851 574 die
874 533 924 575 12
940 536 1134 578 mensis
1149 538 1362 593 Augusti
1383 545 1503 585 anni
1523 545 1631 587 1595
1648 549 1714 589 ad
1732 549 2087 594 HAGECIUM
2105 555 2244 601 data,
2268 560 2403 609 post-

214 612 376 654 quam
406 606 662 663 exposuit,
698 603 985 646 »theoriam
1016 606 1287 659 Copernici
1314 611 1364 652 in
1391 615 1664 659 noviluniis
1695 622 1745 660 et
1776 621 2062 672 pleniluniis
2098 628 2148 665 et
2181 627 2402 677 quadra—

212 677 341 720 turis
360 679 594 733 utrisque
614 680 902 727 utcumque
924 676 1100 718 locum
1122 681 1327 731 mereri,
1351 687 1464 725 utut
1485 697 1548 727 ne
1570 687 1619 727 in
1640 688 1718 730 his
1735 691 1944 742 quidem
1962 694 2206 746 requisita
2222 698 2401 749 praeci-

211 748 358 791 sione
388 750 568 792 omnia
595 746 884 801 expediat«,
916 746 990 787 sic
1017 749 1200 802 pergit:
1244 751 1327 792 »In
1358 754 1485 796 locis
1513 768 1638 799 vero
1668 764 1928 811 quattuor,
1967 776 2085 816 quae
2110 766 2220 819 jam
2252 767 2399 809 dictis

211 819 523 863 intermedia
543 821 678 869 sunt,
707 828 1045 869 nequaquam
1068 823 1401 872 apparentias
1422 827 1607 874 salvat,
1631 829 1725 871 nisi
1746 831 1942 873 dimidii
1963 835 2203 887 gradus«;
2234 849 2295 879 ac
2317 839 2400 880 tri-

212 891 309 933 bus
331 892 480 934 annis
500 893 619 945 post
639 889 691 931 in
706 899 769 930 eo
785 891 1072 940 conspectu
1089 900 1310 942 operum
1325 905 1557 947 suorum,
1582 911 1736 951 quem
1753 901 1803 942 in
1817 901 2181 947 Astronomiae
2196 905 2336 950 Insta
2346 920 2401 950 u-

211 962 342 1004 ratae
376 959 704 1004 MechanICa
738 958 894 1009 dedit,
937 959 1143 1000 Lunam
1178 965 1228 1002 et
1264 964 1448 1007 »aliam
1483 971 1748 1020 quandam
1781 972 2146 1025 inaequalitatis
2179 977 2399 1020 insinua-

209 1032 435 1075 tionem«
460 1033 658 1076 habere
680 1030 765 1073 ait.
791 1029 958 1083 Hujus
978 1030 1146 1073 tertiae
1168 1031 1535 1086 inaequalitatis
1556 1039 1626 1081 ita
1648 1042 1905 1085 rationem
1927 1044 2122 1088 habere
2143 1049 2320 1098 noluit,
2344 1054 2399 1091 ut

209 1103 422 1145 tertium
450 1104 668 1146 adderet
694 1101 1008 1155 epicyclum,
1036 1102 1129 1143 sed
1151 1107 1391 1147 centrum
1414 1108 1600 1160 prioris
1621 1111 1839 1165 epicyeli
1860 1114 1910 1155 in
1932 1115 2126 1158 circulo
2149 1118 2398 1161 deferenti

208 1173 325 1218 402⁵
345 1174 397 1216 in
417 1178 699 1228 utramque
719 1175 927 1226 partem
950 1172 1140 1214 mediae
1161 1185 1272 1215 suae
1290 1177 1648 1222 collocationis
1665 1183 1887 1225 oscillari
1904 1185 2230 1238 existimavit,
2254 1189 2323 1231 ita
2342 1194 2397 1232 ut

208 1245 261 1286 in
285 1245 514 1299 syzygiis
541 1248 592 1287 et
619 1243 954 1298 quadraturis
981 1243 1120 1286 hanc
1147 1248 1347 1288 teneret
1374 1251 1423 1289 et
1449 1249 1500 1290 in
1522 1253 1817 1295 octantibus
1838 1256 2135 1309 longissime
2158 1259 2222 1300 ab
2246 1271 2307 1301 ea
2329 1261 2397 1301 di-

208 1318 391 1367 staret3
426 1316 498 1358 ita
530 1316 688 1359 totius
720 1314 1010 1357 librat10nis
1042 1315 1289 1368 periodus
1323 1319 1536 1362 dimidia
1569 1334 1690 1375 pars
1724 1329 1835 1366 erat
1868 1326 2112 1369 clrcuitus
2144 1331 2394 1382 synodici.

210 1387 474 1429 Numerus
502 1390 682 1430 autem
707 1386 824 1430 402⁵
845 1397 951 1428 uno
979 1386 1272 1429 admodum
1301 1390 1502 1433 minuto
1530 1394 1701 1447 major
1728 1399 1853 1446 erat,
1884 1409 2042 1449 quarn
2065 1410 2176 1441 esse
2198 1401 2393 1451 debuit;

208 1470 328 1511 quae
350 1458 536 1512 exigua
557 1460 636 1500 est
656 1456 967 1499 differentia.

266 1529 368 1571 Sed
387 1529 440 1571 in
460 1527 792 1583 longitudinis
814 1528 1106 1571 mutatione
1127 1533 1372 1582 quartam
1395 1532 1553 1575 etiam
1575 1534 1982 1588 inaequalitatem
2005 1539 2396 1584 observationes

205 1599 470 1653 Tychonis
491 1599 847 1642 ostenderunt.
871 1598 968 1641 Die
988 1599 1040 1641 21
1067 1600 1261 1643 mensis
1285 1602 1459 1644 Martii
1481 1605 1601 1646 anni
1626 1606 1736 1648 1599
1751 1607 2127 1663 Wittemberga
2144 1611 2396 1654 LONGO-

207 1670 546 1713 MONTANO
573 1670 795 1724 scripsit,
827 1670 1112 1723 deliquium
1137 1672 1303 1715 Lunae
1332 1674 1432 1715 diei
1456 1674 1508 1716 31
1541 1676 1734 1718 mensis
1756 1677 1783 1727 J
1788 1679 1988 1720 anuarii
2015 1681 2246 1734 ejusdem
2276 1684 2395 1725 anni

206 1753 329 1784 cum
349 1742 556 1785 theoria
577 1754 683 1784 non
704 1741 1023 1795 congruisse,
1045 1742 1138 1784 sed
1159 1744 1181 1787 ἕ
1200 1743 1350 1786 horae
1370 1745 1535 1787 serius
1557 1747 1807 1798 evenisse,
1830 1759 1952 1790 cum
1974 1753 2393 1804 exspectavisset,

206 1812 319 1855 fore
345 1816 403 1855 ut
428 1825 581 1867 aeque
609 1816 766 1866 atque
793 1813 933 1863 illud,
963 1813 1105 1866 quod
1127 1813 1210 1855 die
1235 1814 1286 1856 19
1308 1816 1502 1858 mensis
1519 1816 1546 1867 J
1551 1818 1751 1859 anuarii
1775 1819 1895 1877 anni
1925 1820 2049 1871 1581,
2078 1822 2247 1875 ipsum
2275 1836 2396 1876 quo-

206 1895 306 1937 que
333 1895 498 1938 prope
523 1885 834 1939 Apogaeum,
866 1883 1141 1935 evenisset,
1172 1890 1496 1940 congrueret.
1534 1888 1665 1930 Cum
1691 1901 1774 1931 res
1802 1890 2088 1944 diligentius
2115 1894 2394 1946 perquisita

205 1958 357 2006 esset,
382 1955 724 1998 observatum
747 1955 913 1997 Lunae
934 1956 1128 2006 locum,
1152 1967 1276 1998 curn
1298 1957 1385 1999 Sol
1401 1971 1431 1999 a
1446 1959 1672 2013 Perigaeo
1690 1961 1756 2001 ad
1772 1961 2061 2015 Apogaeum
2078 1968 2392 2015 moveretur,

203 2025 233 2068 i.
258 2037 300 2068 e.
323 2026 376 2069 in
395 2027 570 2080 priore
592 2026 714 2069 anni
735 2026 967 2077 dimidio,
991 2038 1129 2077 eum,
1153 2027 1240 2080 qui
1260 2028 1463 2071 ratione
1483 2029 1723 2073 inventus
1746 2034 1896 2082 esset,
1923 2032 2167 2086 subsequi
2189 2038 2238 2076 et
2258 2035 2308 2076 in
2330 2037 2395 2077 al-

202 2101 316 2140 tero
348 2098 471 2140 anni
500 2097 716 2140 dimidio
747 2097 794 2139 ei
823 2098 1136 2140 antecedere
1164 2100 1421 2152 apparuit.
1454 2100 1603 2144 Initio
1631 2102 1827 2155 Tycho,
1860 2114 1983 2145 cum
2004 2103 2394 2159 Wittembergae

204 2168 378 2211 adhuc
400 2172 552 2219 esset,
574 2168 664 2211 ubi
685 2169 753 2210 ad
774 2180 1014 2210 mensem
1024 2168 1052 2220 J
1055 2169 1238 2211 unium
1261 2171 1382 2212 anni
1402 2171 1512 2213 1599
1533 2174 1798 2225 manebat,
1825 2174 2118 2216 »circellum
2134 2187 2390 2217 annuum«

202 2239 254 2281 in
278 2239 543 2282 theoriam
569 2239 876 2290 introduxit3
905 2240 957 2281 in
983 2239 1085 2282 hac
1114 2244 1293 2283 autem
1320 2242 1450 2284 urbe
1477 2243 1600 2285 folia
1627 2244 1847 2287 theoriae
1869 2245 2049 2295 Lunae,
2079 2257 2197 2298 quae
2222 2246 2392 2288 adhuc

203 2310 435 2361 deerant,
463 2310 601 2364 typis
629 2310 892 2364 descripta
913 2314 1047 2352 sunt.
1076 2312 1262 2354 Postea
1282 2324 1426 2363 vero,
1456 2325 1580 2355 cum
1606 2315 1783 2369 Pragae
1805 2319 2117 2367 versaretur,
2146 2328 2394 2359 numerus

203 2381 524 2424 circulorum
550 2381 704 2423 nimis
734 2393 957 2435 magnus
984 2382 1030 2424 ei
1056 2382 1199 2425 visus
1226 2387 1318 2434 est,
1349 2396 1511 2437 quare
1539 2397 1782 2428 assensus
1809 2390 1887 2428 est
1906 2387 2174 2429 sententiae
2197 2388 2394 2441 Longo-

202 2452 456 2502 montani,
486 2453 573 2505 qui
603 2452 941 2505 »aequationis
969 2466 1187 2496 annuae«
1217 2455 1288 2496 ita
1309 2456 1570 2498 rationem
1590 2457 1894 2499 habendam
1915 2469 2027 2500 esse
2049 2458 2310 2508 censebat,
2338 2461 2394 2499 ut

204 2522 370 2565 Lunae
391 2523 621 2576 aequatio
643 2523 896 2577 temporis
918 2524 1270 2576 adhiberetur,
1294 2538 1414 2579 quae
1430 2539 1460 2568 a
1476 2527 1607 2569 Solis
1622 2528 1919 2581 aequatione
1937 2528 2002 2570 8ΥΠ
2022 2528 2097 2570 13S
2117 2539 2209 2581 per
2222 2528 2392 2570 sinum

203 2594 486 2636 anomaliae
507 2594 639 2636 Solis
666 2594 1011 2648 multiplicata
1038 2595 1285 2638 differret.
1316 2597 1559 2639 Ceterum
1585 2598 1656 2640 ita
1677 2599 1765 2640 vix
1791 2598 2020 2641 dimidiae
2041 2598 2200 2652 partis
2222 2611 2393 2652 aequa-

201 2664 355 2707 tionis
382 2677 589 2716 annuae,
616 2664 712 2715 415,
740 2665 874 2708 ratio
902 2666 1083 2708 habita
1110 2670 1202 2717 est,
1233 2670 1389 2720 atque
1417 2669 1615 2722 aliquot
1641 2670 1856 2711 demum
1882 2672 2000 2722 post
2022 2681 2186 2711 annos
2207 2681 2391 2711 verum

200 2747 483 2778 numerum
508 2735 581 2777 11⁴
606 2736 860 2790 Keplerus
881 2737 1114 2779 invenit.1

261 2805 443 2859 Neque
462 2810 643 2849 tamen
663 2808 1175 2861 praetermittendum
1197 2812 1289 2861 est,
1312 2810 1502 2852 eodem
1523 2810 1631 2852 fere
1650 2814 1889 2864 tempore
1911 2811 2281 2860 KEPLERUM,
2305 2810 2391 2863 qui

200 2876 252 2918 in
272 2876 374 2919 hac
396 2888 453 2919 re
468 2890 499 2919 a
512 2877 763 2931 Tychone
784 2889 890 2920 non
910 2879 1189 2932 pendebat,
1212 2881 1568 2933 aequationem
1591 2893 1822 2923 annuam
1843 2882 1914 2922 ita
1934 2881 2205 2931 invenisse,
2228 2884 2284 2922 ut
2304 2881 2390 2922 ob-

200 2947 525 2990 servationes
556 2949 716 2991 trium
749 2950 1099 3003 deliquiorum
1132 2951 1254 2992 anni
1290 2951 1400 2993 1598
1431 2963 1554 2993 cum
1583 2952 1907 3005 temporibus
1939 2952 2139 2993 ratione
2171 2951 2388 2992 inventis

201 3022 553 3071 compararet.
578 3020 635 3061 In
656 3020 877 3074 epistula
898 3024 1077 3063 autem
1098 3022 1180 3063 die
1200 3021 1257 3064 29
1278 3022 1472 3064 mensis
1488 3022 1721 3073 januarii
1742 3022 1863 3064 anni
1881 3022 1990 3064 1599
2006 3023 2072 3064 ad
2089 3022 2389 3063 HERWAR-

199 3088 347 3131 TUM
370 3089 495 3131 data
516 3090 819 3143 opinionem
840 3092 1244 3134 memorabilem
1260 3093 1398 3147 jecit,
1422 3104 1642 3135 causam
1662 3093 1737 3134 rei
1757 3092 1864 3134 vim
1886 3104 1999 3134 esse
2019 3104 2187 3146 posse,
2218 3104 2334 3144 quae
2357 3104 2387 3132 a

200 3158 319 3200 Sole
339 3159 777 3213 proficisceretur,
807 3174 970 3215 quare
991 3162 1165 3205 hieme
1185 3163 1471 3205 fortissima
1498 3166 1648 3213 esset,
1678 3175 1801 3205 curn
1821 3164 1978 3205 Terra
2000 3167 2049 3205 et
2069 3164 2217 3204 Luna
2237 3173 2386 3215 prox-

199 3229 304 3272 ime
325 3229 502 3272 Solem
523 3234 716 3283 essent;
740 3244 902 3286 quam
922 3236 1102 3276 tamen
1124 3233 1424 3287 opinionem
1445 3237 1629 3287 postea
1649 3233 1840 3287 rejecit.

261 3313 271 3337 ¹
295 3313 353 3347 Cf.
376 3313 598 3348 KEPLERI
623 3315 757 3359 Opera
778 3317 920 3351 omnia
942 3317 998 3351 III
1020 3328 1057 3360 p.
1079 3318 1124 3351 28
1144 3319 1182 3351 et
1202 3317 1295 3351 VIII
1317 3328 1353 3361 p.
1375 3318 1453 3351 627.
