2678 4069
201 79 291 128 140
765 67 1306 121 APPENDICES
1332 67 1453 118 AD
1482 68 1816 120 LIBRUM

197 214 651 267 subterablativa.
683 210 853 261 Unde
876 209 1181 260 Descenfio
1203 208 1442 272 obliqua
1463 209 1704 273 oppofiti
1729 209 1765 272 b
1791 210 1982 261 evadit
2002 214 2258 274 partium
2280 212 2384 263 208

198 287 348 336 Min:
372 285 454 342 45,
477 299 512 333 a
534 298 649 344 qua
670 281 892 331 sublata
911 283 1072 343 prius
1092 282 1332 330 inventa
1348 282 1462 340 (¹¹ae
1479 279 1842 331 descenfione
1858 280 2113 344 obliqua,
2135 282 2384 345 profiliet

196 358 381 405 Arcus
410 351 758 403 Direetionis
785 350 1055 413 quaefitus
1083 350 1343 401 Partium
1368 350 1436 401 32
1463 350 1618 401 Min:
1643 351 1727 402 30.
1758 350 1876 413 Qui
1902 352 1970 403 33
1997 368 2147 415 pene
2175 353 2296 403 dies
2322 356 2384 403 in

196 426 304 475 hac
332 422 734 474 Direetionum
760 421 1253 472 administratione
1285 420 1473 481 efficit,
1506 421 1717 484 quibus
1747 437 1783 473 a
1811 422 1843 473 3
1872 422 1985 473 Die
2014 423 2233 487 Martij‚
2265 440 2382 487 quo

196 495 424 558 Eclipfis
455 493 572 556 post
602 492 858 542 mediam
888 490 1117 542 noetem
1145 492 1585 542 antecedentem
1613 495 1863 556 contigit,
1894 497 2232 554 numeratis,
2264 497 2325 544 in
2351 495 2383 545 4
2433 507 2454 539 5

334 565 445 614 Die
472 563 689 626 Aprilis
717 563 1037 621 devenitur,
1066 578 1184 625 quo
1211 562 1330 625 ipso
1359 562 1472 613 Die
1501 565 1652 614 circa
1676 563 1910 614 Horam
1931 580 1967 615 a
1987 564 2197 615 Merid.
2221 560 2240 632 ΙΙ

402 635 433 684 4
450 634 768 696 exspiravit,
792 640 854 683 ut
869 649 990 683 non
1005 635 1198 683 minor
1213 633 1322 692 hie,
1346 633 1543 695 quoad
1558 633 1885 697 ipfissimum
1901 635 2092 695 Diem,
2110 635 2172 686 fit
2421 646 2471 687 17
2482 656 2502 671 v

473 702 821 755 Direetionis
844 703 1131 767 Eclipseos
1154 703 1474 763 consensu&
1504 720 1684 767 quam
1704 711 1880 756 antea
1900 705 2098 756 Direc-

541 777 714 825 tionis
744 777 856 835 «11ae
884 777 945 825 in
966 774 1230 826 natalitia
1250 774 1453 838 figura,
1483 776 1678 838 quoad
1699 775 1886 839 ipsum
1906 793 2029 827 non

612 845 806 896 saltem
820 846 1081 905 Annum,
1092 845 1186 896 sed
1197 845 1529 905 &mensem‚
1540 846 1808 910 adeoque
1822 863 1956 898 ean—
2437 860 2478 894 10

683 917 816 966 dem
845 916 1228 979 septimanam
1258 916 1480 967 obitum
1510 917 1677 981 Regis
1707 917 1885 982 hujus

752 989 1011 1050 attigerit,
1045 1002 1260 1051 magna
1294 994 1443 1038 certe
1474 988 1814 1052 Astrologiae

824 1057 969 1109 alias
996 1056 1264 1121 suspeetae
1293 1058 1365 1109 ab
1393 1058 1627 1122 asperfis
1653 1075 1741 1110 ca-

947 1128 1186 1180 lumniis
1207 1129 1615 1181 vindicatione.

2268 3188 2373 3238 DE
