2678 4069
100 386 180 428 25Γ

118 2889 160 2923 10

119 3244 160 3279 15

641 247 753 299 DE
781 249 1021 301 NOVA
1049 249 1365 302 STELLA
1393 250 1984 303 PERTINENTES
2343 254 2409 304 77

1068 1032 1359 1101 Νοωῖυηίἷῖ
1380 1055 1536 1107 pratee
1555 1064 1592 1091 cs

1196 1219 1450 1269 MARTH·

272 2240 648 2292 MPERIUM
676 2239 855 2292 huius
875 2255 1075 2292 vernae
1095 2243 1518 2304 praeuentionis
1540 2240 1674 2292 eoeli
1699 2240 1914 2304 positus
1937 2240 2010 2291 est
2035 2255 2215 2304 penes
2240 2244 2287 2298 0⁷·
2312 2238 2408 2290 ad-

280 2310 477 2364 iuncto
489 2311 589 2363 fibi
601 2311 884 2376 collegav„
895 2327 965 2363 eo
977 2312 1138 2376 quod
1152 2316 1198 2370 d*
1212 2314 1275 2363 in
1286 2311 1416 2363 loco
1432 2316 1478 2370 0‘
1497 2314 1554 2372 Ε)
1570 2311 2061 2375 8(<(ῖ1·1ῑ)11011ειῐε;111
2071 2314 2408 2362 terminum-

210 2398 324 2446 que
345 2385 408 2433 in
428 2383 646 2447 angulo
670 2383 944 2446 sequente
966 2383 1346 2444 domicilium,
1369 2382 1421 2434 8(
1440 2399 1560 2434 vna
1578 2382 1966 2447 triplicitatem
1987 2382 2258 2434 obtineat.
2290 2381 2409 2445 Ipse

209 2456 386 2505 etiam
400 2454 473 2506 ab
489 2454 707 2519 angulo
721 2454 996 2518 sequente
1010 2453 1173 2505 haud
1188 2454 1360 2519 longe
1375 2460 1651 2515 remotUS,
1673 2456 1938 2518 proxime
1953 2460 2081 2517 post
2095 2453 2411 2504 luminaria

209 2525 513 2586 descendit,
528 2541 782 2589 quorum
794 2525 992 2577 locum
1003 2527 1316 2589 imperanti
1323 2525 1582 2577 Antiscia
1592 2525 1774 2577 ferme
1786 2528 2058 2576 intuetur.
2071 2524 2239 2575 Adde
2253 2522 2409 2587 quod

208 2596 306 2647 ille
326 2599 389 2647 in
408 2599 646 2660 proprio
666 2596 809 2648 solio
824 2596 918 2648 vel
939 2603 1217 2660 carpento
1236 2596 1551 2648 collocetur
1566 2599 1836 2648 omnium
1856 2595 2197 2655 fortissimus,
2221 2601 2273 2646 et
2287 2593 2409 2644 visi-

208 2670 492 2719 tationem
512 2667 828 2719 domorum
849 2683 885 2719 a
906 2666 1334 2720 coniunctionis
1354 2667 1512 2732 figno
1533 2683 1636 2732 per
1657 2667 2021 2731 reliquorum
2040 2666 2409 2731 planetarum

209 2738 507 2790 domicilia
525 2746 944 2799 transeuntem,
965 2742 1028 2790 in
1047 2739 1160 2790 sese
1176 2739 1416 2790 tandem
1436 2741 1690 2803 recipiat.
1713 2738 1919 2789 Iouem
1933 2753 2073 2789 vero
2089 2737 2410 2788 consortem

208 2812 271 2861 in
291 2810 555 2861 dominio
575 2809 701 2870 feci,
725 2813 866 2874 quia
885 2813 933 2861 is
953 2813 1016 2861 in
1036 2810 1166 2861 loco
1189 2809 1484 2862 coniunct:
1506 2810 1891 2861 luminarium
1906 2808 2268 2860 domicilium
2284 2807 2334 2857 8(
2348 2809 2409 2857 111

209 2880 427 2946 angulo
441 2880 715 2945 sequente
729 2881 1135 2945 triplicitatem,
1153 2882 1521 2945 eandemque
1536 2884 1598 2932 in
1612 2880 1975 2932 Ascendente
1991 2880 2043 2931 8(
2057 2879 2288 2943 insuper
2301 2884 2407 2928 ter-

208 2954 439 3003 minum
459 2952 707 3016 possidet.
730 2952 852 3016 Ipse
866 2968 1008 3003 vero
1023 2952 1308 3017 angulum
1328 2952 1666 3016 sequentem
1679 2954 1946 3015 proxime
1964 2951 2136 3014 supra
2154 2954 2200 3008 d*
2221 2949 2272 3000 8(
2287 2964 2406 2999 om-

209 3038 314 3074 nes
325 3022 474 3074 alios
486 3023 751 3074 eleuatus
764 3030 1024 3087 occupat.
1037 3023 1207 3074 Adde
1223 3023 1382 3087 quod
1400 3028 1437 3081 21
1456 3023 1621 3074 horae
1633 3022 1915 3086 inaequali
1928 3037 2062 3086 quae
2075 3021 2148 3072 est
2159 3019 2409 3071 secunda

208 3100 338 3158 post
352 3094 621 3145 occasum
636 3094 786 3146 Solis
800 3094 1017 3158 praeest.
1041 3094 1128 3145 Ex
1147 3094 1239 3145 his
1260 3094 1455 3145 iudico
1469 3097 1636 3145 verni
1651 3096 1929 3157 temporis
1947 3092 2407 3144 constitutionem

208 3164 468 3216 futuram
487 3171 888 3229 temperatam,
911 3165 985 3216 ad
1007 3165 1361 3217 caliditatem
1380 3171 1580 3217 tamen
1597 3171 1651 3216 et
1667 3164 1974 3216 ficcitatem
1988 3162 2309 3227 plurimum
2323 3163 2406 3210 in-

210 3235 503 3296 clinatam,
525 3251 742 3300 magna
762 3251 834 3287 ex
854 3242 1017 3300 parte
1037 3236 1317 3296 serenam,
1338 3235 1389 3287 8(
1407 3251 1700 3295 amenam,
1723 3233 2092 3293 fructiferam,
2115 3232 2166 3283 8(
2186 3231 2404 3283 foecun-

210 3306 364 3365 dam,
385 3313 512 3357 tum
533 3309 710 3358 etiam
728 3306 1035 3367 salubrem,
1057 3306 1162 3358 nifi
1182 3306 1341 3370 quod
1362 3306 1546 3370 aliqui
1565 3305 1758 3357 forsan
1779 3305 1852 3356 ob
1873 3305 2255 3355 luminarium
2279 3305 2324 3358 o‘
2346 3303 2406 3350 in

209 3376 366 3428 sexta
381 3377 433 3428 8(
454 3381 501 3435 d*
523 3377 833 3429 accedente
849 3377 924 3429 ad
937 3377 1156 3429 sextam
1175 3377 1413 3429 morbos
1433 3376 1663 3429 febriles
1684 3375 2119 3439 suspicabuntur
2140 3375 2406 3490 oriturgss
