2678 4069
745 325 1413 380 PROLEGOMENA
1441 330 1841 383 EDITORIS
2254 333 2384 384 XLI

260 464 318 506 In
344 463 477 506 libro
505 463 570 506 de
597 466 809 505 cometa
837 464 959 505 anni
983 465 1092 506 1577
1114 470 1348 518 systema
1370 480 1400 509 a
1421 479 1476 510 se
1503 473 1647 511 »ante
1670 470 2096 522 quadriennium«
2120 471 2167 525 (i.
2186 483 2228 512 e.
2247 483 2384 514 anno

205 534 334 590 1583)
366 534 542 587 »quasi
575 545 640 576 ex
671 534 950 587 inspirato«
984 536 1338 590 excogitatum
1369 540 1718 582 adumbravit.
1752 541 1809 581 In
1837 541 1956 591 hoc,
1988 544 2043 582 ut
2076 544 2258 583 notum
2291 545 2384 592 est,

199 605 359 648 Terra
386 608 627 647 centrum
655 607 732 646 est
760 605 1004 656 universi,
1028 606 1320 648 orbitarum
1347 608 1478 650 Solis
1500 612 1549 650 et
1570 610 1734 651 Lunae
1764 611 2138 664 stellarumque
2158 612 2386 653 fixarum

200 675 445 730 sphaerae,
477 687 597 729 quae
623 675 681 717 24
707 675 851 718 horis
881 676 1024 717 circa
1053 676 1197 718 illam
1227 679 1512 720 revolvitur
1540 691 1721 721 secum
1752 681 1948 723 ducens
1976 681 2149 723 Solem
2181 683 2387 724 Lunam

201 747 560 801 planetasque.
584 745 671 788 Sol
699 749 878 788 autem
906 750 1147 788 centrum
1174 751 1251 789 est
1278 749 1569 791 orbitarum
1590 751 1936 803 planetarum,
1960 763 2183 804 quarum
2207 753 2388 794 Martis

197 817 342 868 Jovis
375 816 584 859 Saturni
617 816 805 859 orbitae
836 817 963 859 satis
989 829 1198 870 magnae
1225 821 1359 868 sunt,
1388 822 1444 860 ut
1468 820 1683 861 Terram
1710 821 1844 862 intra
1870 833 1926 863 se
1951 825 2176 864 teneant.
2207 823 2306 865 Sed
2333 826 2388 864 ut

203 888 448 930 distantia
476 888 660 930 Martis
685 888 737 930 in
765 887 1094 941 oppositione
1121 888 1293 930 minor
1314 893 1449 931 esset
1470 890 1601 932 Solis
1622 891 1880 942 distantia,
1903 892 2291 935 semidiameter
2311 905 2389 935 or-

202 959 326 1001 bitae
352 958 485 1001 illius
512 959 671 1013 paulo
699 958 873 1001 minor
898 970 1013 1000 esse
1040 958 1440 1000 existimabatur
1466 972 1626 1012 quam
1654 961 1909 1004 diameter
1935 963 2119 1004 orbitae
2150 963 2295 1014 Solis,
2318 964 2389 1005 ita

202 1033 259 1072 ut
286 1030 389 1072 alia
416 1030 576 1072 aliam
602 1041 786 1072 secare
813 1032 1100 1083 putaretur.
1125 1028 1241 1071 Hoc
1273 1031 1466 1072 multos
1492 1031 1776 1083 aequalium
1798 1033 2078 1075 offendisse
2099 1035 2388 1076 notandum

203 1104 305 1152 est;
333 1100 576 1143 videntur
605 1100 847 1143 homines
876 1100 1057 1154 palam
1086 1099 1153 1141 illi
1186 1099 1398 1152 quidem
1428 1102 1765 1152 concessisse,
1797 1103 1989 1145 solidas
2019 1104 2255 1157 sphaeras
2285 1117 2390 1146 non

204 1183 319 1214 esse
346 1175 397 1214 et
423 1172 621 1215 orbitas
649 1171 773 1213 nihil
802 1171 942 1213 aliud
970 1182 1084 1213 esse
1104 1171 1202 1212 nisi
1221 1171 1384 1213 lineas
1405 1175 1579 1213 mente
1601 1176 1899 1225 conceptas,
1923 1186 2041 1226 quae
2063 1186 2118 1216 re
2138 1186 2265 1216 vera
2286 1187 2390 1216 non

205 1245 393 1294 essent,
415 1242 554 1285 intus
573 1246 755 1285 tamen
774 1241 1040 1284 veteribus
1062 1241 1392 1295 opinionibus
1414 1254 1596 1284 carere
1617 1254 1721 1285 non
1742 1244 1985 1296 potuisse.

264 1313 434 1356 Facile
454 1313 779 1368 intellegitur,
801 1313 905 1356 hoc
926 1316 1177 1367 systema,
1201 1313 1244 1354 si
1263 1313 1642 1355 mathematica
1663 1318 1880 1367 spectes,
1898 1326 2019 1356 cum
2034 1315 2389 1368 Copernicano

204 1385 361 1438 plane
388 1385 705 1435 consentire;
734 1384 838 1427 hoc
860 1384 1000 1426 enim
1021 1395 1127 1426 uno
1149 1383 1411 1434 differunt,
1435 1384 1575 1437 quod
1595 1384 1795 1425 initium
1819 1386 2246 1427 coordinatarum
2269 1386 2392 1427 illud

205 1455 258 1498 in
276 1455 452 1507 Terra,
475 1456 578 1499 hoc
599 1456 652 1498 in
673 1456 793 1499 Sole
812 1455 973 1510 ponit.
998 1456 1129 1497 Cum
1150 1454 1306 1497 hodie
1329 1455 1619 1496 astronomi
1639 1456 1864 1508 planetae
1886 1456 2102 1509 alicujus
2123 1457 2393 1498 coordina-

204 1530 287 1569 tas
314 1527 674 1581 geocentricas
700 1527 772 1569 ita
799 1529 1100 1581 supputant,
1123 1529 1180 1568 ut
1205 1526 1436 1579 primum
1458 1538 1488 1567 a
1510 1525 1628 1567 Sole
1649 1526 2039 1579 proficiscentes
2061 1527 2393 1569 coordinatas

206 1597 609 1641 heliocentricas
638 1601 936 1652 supputent,
969 1597 1156 1640 deinde
1187 1596 1254 1638 ad
1284 1608 1389 1646 eas,
1414 1608 1544 1649 quas
1574 1597 1877 1647 invenerint,
1900 1597 2031 1639 Solis
2061 1598 2394 1639 coordinatas

207 1669 567 1722 geocentricas
598 1669 811 1720 addant,
841 1669 965 1722 quid
996 1668 1136 1710 aliud
1167 1680 1328 1721 quam
1359 1670 1646 1721 systemate
1666 1667 1967 1720 Tychonico
1997 1668 2237 1709 utuntur?
2266 1668 2394 1709 Cum

206 1739 311 1782 hoc
339 1743 576 1793 systema
595 1740 814 1782 Terram
842 1740 1112 1793 quiescere
1139 1740 1311 1790 vellet,
1334 1750 1503 1791 neque
1530 1738 1624 1791 piis
1651 1738 2099 1791 superstitionibus
2125 1750 2292 1791 neque
2321 1738 2394 1788 iis,

208 1822 329 1864 quae
357 1811 446 1853 illa
476 1815 608 1854 aetas
638 1812 704 1854 de
733 1814 910 1854 motus
943 1811 1156 1865 legibus,
1190 1822 1310 1864 quae
1339 1810 1390 1851 in
1421 1809 1652 1863 physicis
1682 1810 1930 1860 valerent,
1961 1821 2123 1862 prave
2156 1810 2395 1859 docebat,

208 1882 550 1936 repugnabat,
574 1894 637 1925 ac
667 1882 828 1925 nihilo
856 1882 1029 1924 minus
1056 1881 1420 1936 progrediente
1448 1880 1687 1922 doctrina
1713 1871 1864 1932 aeque
1893 1891 1954 1922 ac
1983 1880 2396 1933 Copernicanum

210 1953 435 2007 amplius
468 1953 721 2008 explicari
751 1956 975 2008 poterat,
1007 1953 1141 1995 sicut
1173 1951 1455 2006 explicavit
1484 1951 1644 1993 etiam
1676 1951 1943 2004 Keplerus‚
1976 1962 2098 2001 cum
2127 1950 2286 1991 fidem
2307 1950 2400 2002 Ty-

210 2023 369 2066 choni
394 2024 640 2067 morienti
666 2025 850 2067 datam
876 2024 959 2078 pie
980 2027 1241 2078 praestans
1260 2022 1524 2065 theoriam
1545 2034 1698 2063 suam
1718 2024 1893 2063 motus
1913 2022 2242 2074 planetarum
2253 2021 2400 2074 juxta

211 2095 391 2138 omnia
404 2095 505 2137 tria
520 2099 814 2149 systemata
830 2097 1234 2138 demonstraret.
1253 2094 1435 2147 Itaque
1456 2104 1649 2147 magno
1670 2092 1755 2134 illo
1779 2095 2085 2134 astronomo
2107 2092 2319 2133 minime
2335 2091 2403 2132 in-

211 2166 425 2221 dignum
440 2170 569 2219 erat,
585 2178 683 2209 nec
698 2170 872 2221 potest
886 2166 1080 2221 negari,
1098 2169 1383 2219 antequam
1399 2166 1537 2218 leges
1553 2163 1821 2217 gravitatis
1835 2162 2102 2205 inveniens
2113 2161 2401 2204 NEWTON

203 2247 438 2282 causam
464 2238 769 2292 aperuisset,
788 2249 951 2292 quare
972 2238 1200 2292 planetae
1221 2236 1514 2278 secundum
1537 2235 1734 2277 orbitas
1756 2234 1823 2276 ad
1845 2245 2090 2275 normam
2111 2232 2402 2274 sectionum

213 2309 523 2352 conicarum
540 2309 982 2352 accommodatas
1004 2308 1147 2351 circa
1162 2308 1339 2350 Solem
1361 2309 1717 2356 moverentur,
1736 2308 1786 2347 et
1807 2303 2175 2346 BRADLEIUS
2199 2303 2404 2345 aberra-

211 2381 412 2423 tionem
432 2381 706 2423 stellarum
727 2380 957 2422 fixarum
979 2379 1138 2436 (anno
1165 2378 1294 2435 1728)
1314 2378 1582 2420 inveniens
1604 2380 1810 2419 motum
1832 2387 2067 2417 annuum
2087 2374 2405 2428 uniuscujus-

214 2464 315 2506 que
341 2453 507 2495 stellae
534 2464 759 2506 parvam
794 2452 1063 2505 quandam
1096 2450 1379 2504 imaginem
1405 2450 1580 2491 Terrae
1615 2447 1800 2490 orbitae
1834 2446 2127 2500 exprimere
2159 2445 2405 2487 ostendis-

214 2527 307 2575 set,
329 2535 546 2578 prorsus
574 2527 716 2566 certe
744 2522 991 2566 contendi
1017 2533 1124 2564 non
1150 2521 1397 2575 potuisse,
1421 2520 1508 2562 Sol
1530 2532 1598 2561 an
1617 2519 1776 2560 Terra
1798 2520 1972 2559 motus
1994 2519 2231 2558 centrum
2253 2518 2401 2557 esset.

215 2594 394 2645 Quaeri
418 2598 626 2637 tantum
647 2597 870 2649 poterat,
893 2597 1071 2635 utrum
1092 2592 1203 2635 veri
1223 2591 1441 2634 similius
1463 2593 1615 2641 esset,
1638 2589 1733 2631 etsi
1754 2588 2153 2631 concedendum
2175 2590 2266 2637 est,
2288 2589 2406 2639 post

214 2665 571 2708 inventionem
590 2665 1001 2719 telescopiorum
1016 2664 1127 2706 veri
1141 2663 1360 2705 similius
1375 2662 1576 2704 factum
1592 2671 1706 2702 esse
1721 2662 1956 2712 systema
1973 2657 2256 2711 Copernici.
2276 2656 2405 2697 Haec

216 2749 380 2780 causa
401 2740 529 2788 erat,
548 2748 643 2779 cur
663 2735 1034 2779 GALILAEUS
1048 2735 1224 2777 Terrae
1245 2737 1451 2776 motum
1474 2735 1615 2774 certe
1637 2731 2000 2773 demonstrare
2021 2729 2249 2779 studens,
2267 2727 2405 2779 quod

216 2820 281 2850 ex
309 2808 523 2861 antiquo
551 2819 670 2850 aevo
699 2808 994 2858 constabat,
1017 2810 1178 2849 aestus
1206 2816 1452 2847 accessus
1474 2807 1524 2845 et
1544 2813 1781 2844 recessus
1809 2801 1974 2841 Lunae
1996 2799 2187 2849 deberi,
2209 2801 2406 2839 temere

217 2882 589 2933 aspernaretur
617 2882 668 2921 et
693 2878 869 2921 Terrae
900 2877 1068 2920 motui
1096 2877 1235 2918 hanc
1267 2887 1379 2917 rem
1409 2873 1776 2927 imputandam
1806 2882 1920 2913 esse
1950 2870 2224 2912 ostendere
2254 2879 2407 2909 cona-

216 2953 374 2993 retur.

276 3021 522 3075 Systema
535 3020 917 3074 Tychonicum‚
934 3023 990 3062 ut
1011 3019 1153 3072 quod
1167 3018 1384 3060 Terram
1407 3016 1637 3069 quietam
1653 3013 1981 3065 relinqueret,
2000 3011 2050 3051 in
2071 3009 2243 3051 media
2260 3007 2406 3061 quasi

217 3092 304 3134 via
324 3092 457 3134 inter
482 3092 861 3134 Ptolemaicum
888 3093 1126 3144 systema
1153 3092 1203 3131 et
1231 3087 1650 3141 Copernicanum
1677 3083 1906 3137 positum
1933 3084 2045 3123 erat
2064 3080 2406 3135 (quamquam

217 3163 400 3217 Tycho
428 3175 640 3216 semper
665 3165 808 3205 certe
828 3161 1071 3215 negabat,
1094 3160 1247 3213 hujus
1270 3169 1475 3199 meram
1496 3154 1917 3197 immutationem
1940 3163 2068 3201 esse,
2092 3154 2142 3192 et
2161 3150 2330 3202 ipsum
2352 3159 2407 3188 se

218 3230 345 3273 illud
372 3231 438 3274 de
464 3232 567 3276 hoc
595 3245 701 3276 non
728 3233 1047 3287 cogitantem
1073 3229 1333 3272 invenisse
1364 3225 1707 3280 affirmabat);
1741 3222 2114 3277 suspicandum
2142 3230 2266 3261 vero
2298 3218 2405 3267 fuit,

221 3305 342 3344 ante
369 3302 790 3356 Copernicanum
820 3303 946 3345 illud
975 3302 1247 3344 inventum
1278 3310 1406 3341 esse.
1437 3297 1654 3339 Factum
1685 3306 1798 3337 esse
1826 3296 2012 3348 potest,
2040 3295 2095 3333 ut
2123 3288 2407 3342 Copernico

217 3372 398 3426 juveni
425 3374 478 3415 in
505 3378 739 3418 mentem
760 3374 976 3425 veniret,
999 3373 1092 3415 sed
1115 3372 1181 3414 ad
1202 3373 1437 3424 systema
1459 3359 1911 3415 heliocentricum,
1929 3363 2068 3415 quod
2089 3360 2212 3402 illud
2232 3369 2409 3400 secun—

367 3457 431 3499 (F)
