2678 4069
96 720 178 763 39¹

119 1089 160 1123 10

95 1371 182 1414 39¹*

117 1444 158 1478 15

113 1800 159 1834 20

96 2011 177 2053 4οῐ

114 2156 159 2190 25

115 2512 161 2546 30

97 2722 185 2765 4ον

116 2867 161 2901 35

559 227 1140 281 HOROSCOPUS
1168 228 2055 289 PRINCIPISJOHANNIS
2299 229 2402 280 277

280 370 475 432 Atque
502 368 631 420 haec
653 377 941 432 quantum
962 371 1036 421 ad
1058 369 1402 421 directiones
1424 373 1640 422 attinet.
1670 371 1829 421 Nam
1854 370 1904 420 &
1928 370 2057 434 alijs
2084 373 2255 421 annis
2282 377 2402 421 tam

210 456 282 491 ex
297 440 781 491 Revolutionibus
802 457 982 503 quam
1002 440 1471 504 profectionibus,
1494 441 1590 504 alij
1599 456 1741 503 sque
1764 441 1833 491 de
1850 441 2030 491 causis
2045 443 2274 504 utrique
2289 440 2401 492 for-

209 517 370 562 tunae
390 513 453 561 in
473 510 799 562 honoribus
821 511 871 561 8(
892 512 1265 576 dignitatibus
1287 513 1577 563 obnoxius
1599 513 1699 561 esse
1721 514 1944 574 poterit.
1974 512 2085 562 Sed
2113 511 2240 562 haec
2261 518 2400 562 tem-

208 597 355 645 pora
373 583 721 645 potissimum
742 583 1028 646 assignavi,
1051 586 1191 646 quia
1212 583 1598 634 evidentiores
1621 580 1855 633 effectus
1876 582 2220 646 producunt.
2241 578 2260 649 ΙΙ

982 705 1106 763 DE
1143 705 1639 775 CONJUGIO.

340 794 660 856 ONJUGIJ
688 794 1098 858 fignificatores
1124 798 1185 846 in
1212 795 1323 846 hac
1351 796 1570 859 Inclyta
1595 795 1885 846 Genitura
1911 795 2038 845 sunt
2065 796 2233 845 Luna
2260 797 2320 845 in
2347 795 2403 845 lO

359 868 409 925 )(
433 865 484 916 8(
499 866 716 929 duplici
737 869 977 916 nomine
993 867 1210 926 VenuS‚
1232 874 1357 917 turn
1372 883 1473 931 per
1487 867 1558 926 se,
1579 874 1704 916 turn
1720 869 1858 929 quia
1873 866 2133 916 Domina
2147 866 2402 928 septimae

209 936 421 987 domus
442 939 646 996 existit,
669 952 908 1000 unaque
927 937 1209 988 Almuten
1230 938 1343 988 loci
1365 940 1424 999 (ζ.
1448 938 1559 988 Etsi
1579 953 1718 987 vero
1740 937 1801 987 hi
1821 936 2227 1000 fignificatores
2249 936 2402 987 male

209 1006 400 1059 affecti
420 1007 525 1058 fint
545 1024 613 1059 ac
635 1008 845 1059 cadant
865 1008 938 1059 ab
960 1009 1177 1072 angulo
1199 1012 1260 1059 in
1282 1009 1630 1059 duodecima
1649 1008 1699 1058 8(
1716 1008 1886 1067 sexta,
1909 1008 2087 1070 fitque
2108 1008 2228 1071 ipsa
2256 1012 2290 1066 ῼ
2318 1010 2401 1057 in-

209 1078 506 1130 fortunata
527 1078 600 1130 ab
621 1086 870 1142 utraque
891 1079 1176 1139 malefica,
1205 1078 1615 1144 conjunctione
1640 1079 1846 1129 scilicet
1867 1079 2075 1129 Martis
2098 1078 2148 1129 8(
2169 1078 2403 1129 Saturni

210 1150 487 1214 oppofito,
517 1153 610 1201 cui
637 1150 889 1213 applicat
909 1153 972 1201 in
993 1150 1162 1201 sterili
1182 1151 1355 1215 fign0‚
1385 1152 1554 1202 Luna
1580 1150 1700 1213 ipsa
1721 1151 1971 1201 Saturno
1994 1150 2321 1213 applicante
2342 1152 2403 1199 in

210 1222 388 1272 domo
410 1222 674 1272 cadente:
703 1222 860 1272 unde
883 1223 1361 1273 concurrentibus
1382 1229 1464 1273 tot
1485 1222 1847 1272 evidentibus
1871 1221 2220 1280 testimoniiS,
2248 1221 2401 1271 vide-

209 1299 302 1344 tur
323 1295 452 1357 conj
460 1295 663 1357 ugium
684 1293 958 1356 denegari
979 1292 1116 1344 huic
1132 1294 1306 1352 Nato,
1330 1293 1380 1343 8(
1402 1294 1560 1356 quod
1581 1293 1654 1344 ad
1676 1308 1800 1343 rem
1821 1295 2091 1343 uxoriam
2106 1295 2300 1342 minus
2318 1291 2402 1342 fu-

207 1370 374 1415 turus
389 1363 451 1414 fit
464 1359 786 1431 procli-uvis
801 1364 1201 1428 alienioreque
1218 1381 1253 1415 a
1269 1367 1540 1429 conjugio
1559 1367 1782 1415 animo:
1804 1370 2002 1414 tamen
2018 1366 2157 1426 quia
2174 1362 2302 1414 haec
2317 1378 2408 1413 res

207 1437 402 1499 potius
423 1451 460 1486 a
479 1435 740 1486 libertate
759 1435 1076 1486 voluntatis
1099 1435 1400 1499 dependet,
1424 1435 1475 1485 8(
1497 1438 1636 1498 quia
1657 1435 1826 1485 Luna
1846 1434 2180 1497 principalis
2202 1433 2406 1498 fignifi-

209 1509 390 1558 catrix
405 1506 658 1570 applicat
674 1506 933 1570 opposito
954 1511 988 1565 Q
1001 1548 1012 1566 ‚
1035 1509 1136 1570 qui
1151 1506 1386 1558 Saturni
1402 1504 1875 1570 conjunctionem
1889 1506 2144 1568 impedit,
2166 1504 2292 1555 fieri
2307 1521 2406 1568 po-

207 1580 337 1628 terit
366 1584 429 1628 ut
458 1576 845 1628 nihilominus
876 1577 1197 1641 aliquando
1228 1593 1476 1628 uxorem
1504 1578 1690 1628 ducat.
1723 1576 1933 1627 Multae
1960 1583 2158 1627 tamen
2184 1576 2295 1626 sese
2323 1578 2406 1626 in-

208 1655 407 1713 gerent
427 1648 813 1708 difficultateS‚
838 1648 888 1699 8(
909 1649 1040 1699 licet
1060 1665 1162 1713 per
1184 1651 1523 1713 conjugium
1552 1648 1613 1710 (fi
1633 1647 1779 1699 forte
1802 1663 2048 1698 uxorem
2069 1646 2318 1709 duxerit)
2347 1649 2408 1697 in

209 1719 383 1771 rebus
403 1719 655 1771 fortunae
678 1720 1008 1783 divitiisque
1029 1720 1251 1771 felicior
1273 1722 1392 1779 erit,
1416 1735 1596 1783 quam
1616 1735 1718 1782 per
1738 1719 1792 1769 se
1814 1718 1976 1778 alias,
1998 1718 2251 1781 utsupra
2266 1718 2406 1768 dixi-

208 1807 363 1842 mus:
395 1797 595 1842 tamen
621 1798 723 1842 aut
750 1807 874 1842 non
901 1790 1178 1843 ducturus
1206 1798 1289 1842 est
1317 1793 1642 1855 conjugem,
1674 1797 1774 1841 aut
1800 1789 2014 1840 multas
2042 1788 2407 1840 difficultates

208 1865 271 1913 in
291 1878 352 1913 re
375 1865 586 1914 uxoria
607 1865 952 1926 experietur,
982 1862 1056 1913 ob
1078 1869 1388 1925 utramque
1409 1861 1864 1925 fignificatric‘em
1886 1861 2034 1911 adeo
2055 1859 2209 1911 male
2231 1859 2406 1910 afflic-

207 1940 344 1985 tam.
377 1934 446 1984 Et
475 1933 621 1984 forte
652 1937 830 1984 etiam
860 1933 933 1985 ob
965 1933 1021 1984 id
1052 1949 1174 1984 non
1205 1934 1306 1984 diu
1334 1933 1802 1997 perseveraturus
1830 1935 1890 1982 in
1918 1933 2189 1997 conjugio
2218 1937 2316 1981 est.
2348 1930 2407 1981 Si

209 2011 409 2056 tamen
429 2021 679 2056 uxorem
700 2005 944 2064 duxerit,
967 2007 1160 2068 potius
1183 2000 1202 2071 ΙΙ
1223 2007 1460 2068 propria
1480 2004 1779 2054 voluntate
1802 2019 1981 2066 quarn
2002 2002 2303 2052 Astrorum
2323 2004 2406 2051 in-

210 2075 526 2127 clinatione
548 2083 805 2140 urgcnte‚
829 2077 886 2127 id
907 2076 1053 2127 forte
1076 2079 1365 2140 continget
1386 2078 1448 2126 in
1468 2074 1588 2139 ipsa
1608 2077 1800 2138 potius
1822 2073 2208 2125 adolescentia
2229 2088 2407 2136 quam

208 2149 271 2198 in
292 2154 462 2198 aetate
484 2147 817 2211 grandiore;
846 2154 909 2198 ut
931 2150 1082 2198 circa
1102 2148 1349 2197 Annum
1370 2148 1441 2205 19,
1471 2162 1605 2196 curn
1627 2148 1665 2206 ζ(
1690 2148 1847 2195 venit
1868 2145 1941 2195 ad
1967 2146 2027 2207 Θ
2050 2149 2107 2204 ῼ,
2136 2150 2236 2195 aut
2258 2146 2408 2194 circa

209 2219 282 2278 21,
305 2234 441 2270 cum
463 2218 562 2270 Sol
583 2218 658 2269 ad
691 2222 736 2276 ό
767 2223 801 2276 S?
827 2218 1095 2281 applicat.
1126 2219 1245 2268 Erit
1267 2224 1465 2269 autem
1488 2233 1558 2268 ea
1579 2233 1759 2280 quam
1781 2217 1949 2267 ducet
1970 2216 2315 2279 potissimum
2337 2215 2406 2265 de

210 2295 423 2341 natura
454 2294 489 2347 9
521 2289 572 2339 8(
599 2288 874 2340 nonnihil
895 2290 1147 2348 Saturni,
1177 2305 1247 2340 eo
1270 2289 1428 2352 quod
1450 2289 1619 2339 Luna
1645 2287 1737 2338 his
1758 2288 2076 2350 Venusque
2101 2285 2405 2349 applicent.

211 2360 412 2423 Quare
426 2360 795 2411 mediocriter
809 2360 1062 2411 formosa
1078 2360 1423 2423 urbanaque
1438 2359 1488 2410 8(
1500 2358 1750 2410 affabilis
1767 2361 1890 2409 erit:
1907 2358 2200 2408 interdurn
2210 2363 2408 2407 tamen

210 2447 346 2482 curn
367 2431 627 2495 quadam
648 2430 924 2496 adjuncta
943 2431 1240 2482 severitate
1262 2430 1725 2493 morofitateque.
1755 2429 2120 2492 Suspicacem
2142 2430 2332 2486 etiam,
2356 2426 2407 2477 8(

210 2505 272 2553 in
292 2502 584 2566 propofito
605 2505 964 2566 pertinacem
984 2503 1168 2553 reddit
1189 2502 1317 2553 haec
1339 2501 1662 2552 constitutio
1685 2501 1736 2551 8(
1756 2500 2245 2551 valetudinariam
2267 2497 2340 2549 ob
2366 2503 2400 2556 Q

210 2577 272 2624 in
292 2573 465 2625 sexta.

281 2644 501 2695 Pofitus
523 2651 722 2695 autem
738 2644 924 2695 Lunae
941 2644 992 2695 8(
1005 2645 1252 2695 Veneris
1266 2647 1328 2694 in
1343 2644 1479 2694 XIIa
1496 2643 1547 2693 8(
1561 2643 1666 2693 VIa
1681 2642 1908 2693 videtur
1922 2642 2196 2700 indicare,
2219 2640 2376 2703 quod
2388 2635 2407 2706 ΙΙ

212 2715 498 2767 afficietur
525 2731 728 2766 amore
755 2718 949 2779 potius
975 2715 1293 2766 mulierum
1314 2714 1620 2774 inferioriS‚
1649 2730 1829 2777 quam
1855 2713 1971 2776 ipse
2000 2719 2097 2771 est,
2125 2711 2407 2775 prosapiae

211 2790 525 2850 minusque
547 2785 868 2838 illustrium.
892 2786 1003 2838 Sed
1024 2793 1213 2837 toturn
1233 2786 1346 2837 hoc
1367 2788 1666 2850 negotium
1686 2785 2008 2848 plurimum
2028 2786 2089 2833 in
2109 2782 2408 2833 voluntate

213 2857 264 2908 8(
285 2857 522 2909 confilio
542 2864 664 2908 tam
684 2857 874 2921 ipfiuS‚
898 2873 1079 2921 quam
1099 2857 1200 2920 ipfi
1220 2857 1494 2921 sangvine
1505 2855 1844 2921 junctorum
1858 2855 2103 2919 positum
2119 2860 2217 2913 est,
2240 2853 2408 2904 astro-

211 2944 461 2992 rumque
483 2928 894 2980 inclinationes
913 2928 1064 2992 saepe
1085 2944 1188 2992 per
1208 2928 1336 2979 haec
1358 2928 1668 2978 eliduntur.

1050 3050 1173 3109 DE
1211 3048 1574 3108 LIBERIS.

327 3139 445 3191 TSI
473 3140 908 3204 supervacanea
933 3140 1080 3191 foret
1106 3139 1472 3204 pertractatio
1495 3139 1565 3190 de
1586 3139 1796 3198 liberiS‚
1822 3137 2101 3201 liquidem
2123 3135 2267 3186 astra
2288 3149 2409 3184 non

339 3211 611 3262 videntur
627 3211 924 3262 evidenter
939 3214 1067 3276 conj
1075 3214 1278 3275 ugium
1292 3210 1609 3275 fignificare
1625 3210 1762 3260 huic
1778 3208 1997 3273 Inclyto
2014 3207 2192 3257 Nato:
2212 3212 2408 3255 tamen

118 3292 164 3326 40
214 3284 355 3344 quia
375 3297 466 3333 res
487 3281 616 3333 haec
637 3285 831 3346 potius
852 3285 914 3333 in
927 3282 1246 3342 voluntate,
1268 3289 1331 3332 ut
1346 3282 1481 3341 dixi,
1504 3281 1769 3339 confistit,
1791 3280 2074 3357 addemus
2090 3275 2406 3328 considera-

2186 3348 2406 3396 tionem
