2678 4069
236 85 326 136 160
643 79 755 130 DE
783 75 1299 129 DISCIPLINIS
1327 74 2008 128 MATHEMATICIS

233 223 548 288 praedicant
577 218 886 281 Astrologi.
927 217 987 268 Si
1015 217 1188 276 bona,
1222 223 1343 267 tota
1371 216 1659 280 voluptaS‚
1694 232 1828 280 quae
1859 233 1931 268 ex
1961 224 2175 268 eventu
2204 220 2422 281 percipi

234 294 488 351 debebat,
527 306 629 354 per
666 288 1070 352 praevifionem
1105 287 1452 338 iamdudum
1483 289 1676 352 perijt:
1716 291 1808 338 sin
1845 288 2019 348 mala,
2060 295 2195 339 ante
2227 291 2422 352 ipsum

232 370 508 414 euentum
541 362 814 411 continue
848 360 1092 409 cruciari
1124 357 1446 418 hominem,
1486 361 1586 421 qui
1624 365 1814 409 metus
1850 374 2260 422 saepenumero
2292 361 2420 422 ipso

229 434 386 484 malo
418 434 581 495 peior
610 430 698 480 est.
734 430 883 480 Haec
915 436 998 479 est
1028 428 1256 479 summa
1287 431 1722 492 praecipuorum
1754 437 2251 494 argumentorum,
2286 445 2420 493 quae

229 501 568 565 Philosophi
595 507 796 551 contra
822 499 1173 564 genetliacas
1199 498 1605 563 praedictiones
1628 500 1941 551 adducunt.
1969 500 2256 564 Theologi
2276 516 2420 551 uero

228 575 354 624 haec
382 573 587 623 eadem
613 570 1043 630 confirmanteS,
1070 570 1303 633 insuper
1329 570 1567 631 addunt,
1595 570 1749 622 hanc
1777 579 1962 622 artem
1983 572 2085 622 esse
2106 572 2285 622 verbo
2307 571 2420 622 Dei

227 643 593 708 prohibitam,
625 657 874 704 eamque
903 648 1188 705 tanquam
1217 644 1477 705 impiam,
1507 641 1558 692 &
1584 658 1620 693 a
1646 642 1761 693 Dei
1788 645 2118 707 cognitione
2148 642 2421 693 homines

227 715 624 772 abducentem‚
659 728 726 763 ac
760 719 962 763 contra
987 711 1176 763 bonos
1203 727 1396 763 mores
1422 712 1749 773 facientem,
1783 713 2165 777 proclamant.
2199 713 2421 764 Verum

226 788 466 848 Vtrique,
493 791 614 835 tam
633 782 918 847 Theologi
947 799 1125 847 quam
1146 782 1507 847 Philosophi,
1536 784 1606 834 de
1634 800 1695 835 re
1722 800 1846 835 non
1871 787 2103 848 penitus
2129 783 2421 848 perspecta

220 856 505 921 judicium
530 854 738 905 ferunt,
768 854 927 905 Nam
954 854 1112 917 quod
1133 853 1477 917 Philosophi
1505 855 1800 920 obijciunt‚
1828 855 2227 920 Astrologiam
2253 858 2419 906 certis

225 942 419 978 carere
448 927 762 990 principijS‚
793 925 1043 976 fatemur
1073 925 1311 988 quidem
1340 928 1627 989 principia
1654 934 1707 977 et
1734 929 2034 978 axiomata
2059 926 2237 977 huius
2264 929 2418 985 artiS‚

224 1013 345 1048 non
371 1012 556 1060 usque
583 997 733 1047 adeo
761 997 863 1047 esse
889 995 1204 1048 intellectui
1232 997 1425 1056 obuia,
1454 997 1957 1060 quemadmodum
1978 997 2338 1049 Geometriae
2366 1005 2419 1048 et

223 1069 473 1119 aliarum
499 1066 1058 1118 Mathematicarum
1083 1067 1469 1128 scientiarum,
1498 1084 1605 1119 nec
1631 1069 2064 1120 Astronomicae
2093 1069 2419 1120 certitudini

223 1141 549 1202 comparari
570 1139 717 1202 posse
733 1136 1137 1201 praedictiones
1152 1138 1564 1203 AstrologicaS‚
1588 1155 1659 1190 eo
1675 1140 1833 1203 quod
1847 1139 2098 1191 fiderum
2111 1139 2420 1190 influentia

222 1213 443 1261 nonita
462 1209 713 1260 senfibus
733 1212 1006 1269 incurrat,
1035 1210 1538 1273 quemadmodum
1560 1226 1767 1262 eorum
1786 1218 2003 1262 motus:
2032 1210 2419 1262 nihilominus

221 1289 418 1332 tamen
445 1296 614 1344 aeque
642 1287 863 1331 certum
891 1287 989 1340 est,
1018 1287 1309 1332 astrorum
1337 1282 1439 1332 esse
1460 1284 1522 1332 in
1543 1281 1671 1333 haec
1695 1282 1975 1334 inferiora
2000 1281 2310 1342 influxum,
2339 1288 2418 1333 at-

222 1367 334 1415 que
374 1352 674 1402 euidenter
706 1358 968 1415 apparet,
1007 1351 1108 1403 illa
1141 1359 1296 1402 certo
1329 1355 1558 1403 tramite
1591 1356 1842 1405 moueri:
1884 1356 2157 1417 quamuis
2192 1352 2420 1404 facilius

222 1425 513 1487 contingat
545 1421 896 1474 hallucinari
928 1425 990 1473 in
1024 1421 1229 1475 effedtu
1268 1424 1675 1486 praeuidendo,
1716 1441 1896 1488 quam
1928 1427 1991 1475 in
2022 1431 2188 1475 motu
2221 1425 2419 1488 depre-

221 1494 556 1545 hendendo:
586 1494 1088 1557 quemadmodum
1114 1509 1205 1544 res
1231 1494 1482 1545 sensibus
1510 1499 1762 1547 externis
1789 1496 2188 1560 perceptibiles
2210 1498 2420 1546 certius

222 1563 812 1628 comprehenduntur,
845 1580 1025 1628 quam
1054 1564 1188 1624 illae,
1221 1581 1355 1629 quae
1385 1581 1420 1616 a
1451 1566 1578 1617 solo
1607 1565 1904 1619 intellectu
1932 1569 2151 1631 percipi
2180 1567 2417 1630 possunt.

221 1636 554 1700 Astrologia
578 1638 750 1700 igitur
776 1651 812 1687 a
838 1636 1151 1699 posteriori,
1180 1635 1292 1687 hoc
1321 1643 1405 1687 est
1431 1637 1503 1688 ab
1525 1640 1652 1701 ipsa
1674 1641 2048 1702 experientia,
2070 1638 2172 1689 sua
2191 1637 2420 1688 sortitur

220 1709 519 1770 principia,
543 1714 596 1757 et
617 1722 652 1758 a
672 1707 869 1757 multis
890 1707 1336 1770 particularibus
1357 1711 1546 1759 rarius
1566 1709 1900 1760 fallentibus
1917 1708 2419 1760 obseruationibus

220 1777 573 1829 vniuersales
606 1777 889 1829 constituit
917 1778 1338 1829 conclusiones:
1374 1795 1496 1830 non
1529 1780 1695 1831 aliter
1728 1796 1908 1844 quam
1940 1783 2002 1831 in
2035 1787 2156 1832 arte
2191 1779 2420 1830 medica

220 1848 346 1899 fieri
366 1848 572 1908 assolet,
596 1865 729 1912 quae
751 1849 823 1900 ab
844 1851 971 1912 ipsa
993 1852 1351 1913 experientia
1371 1849 1690 1902 herbarum
1712 1859 1765 1903 et
1785 1851 2162 1903 mineralium
2179 1853 2419 1902 virtutes

220 1922 472 1983 inquirit,
490 1926 543 1970 et
558 1935 630 1970 ex
644 1920 841 1970 multis
859 1920 1305 1983 particularibus
1327 1921 1845 1983 obseruationibuS‚
1863 1918 1882 1990 ΙΙ
1899 1923 2108 1974 deinde
2124 1922 2194 1973 de
2211 1937 2419 1973 eorum

221 1993 442 2041 naturis
464 1997 517 2041 et
538 1990 799 2042 efficacia
820 1991 1148 2043 uniuersale
1169 1994 1382 2055 promit
1397 1993 1700 2057 judicium.
1730 1994 1953 2045 Eadem
1973 1997 2169 2058 itaque
2191 1996 2417 2044 ratione

220 2061 552 2125 Astrologia
572 2077 694 2113 non
715 2065 911 2113 minus
927 2078 1107 2126 quam
1122 2063 1424 2114 Medicina
1437 2067 1587 2116 inter
1601 2064 1862 2130 physicas
1879 2073 2030 2116 artes
2045 2068 2171 2116 iure
2186 2066 2416 2115 merito-

222 2148 333 2195 que
355 2136 652 2184 numerari
673 2133 865 2196 potest.
898 2133 1406 2197 Impossibilitatem
1427 2151 1587 2196 uem,
1611 2152 1791 2200 quam
1812 2137 2110 2188 adducunt
2132 2151 2203 2186 ex
2223 2138 2415 2199 incog-

221 2206 343 2253 nito
365 2206 683 2255 natiuitatis
704 2212 757 2255 et
779 2207 1175 2268 conceptionis
1195 2212 1475 2268 tempore,
1504 2207 1731 2259 nullam
1759 2214 1812 2258 et
1835 2207 2112 2259 friuolam
2134 2208 2252 2266 esse,
2280 2205 2417 2257 hinc

221 2273 388 2324 facile
418 2281 589 2337 patet.
625 2275 916 2337 Quamuis
947 2279 1105 2326 enim
1135 2276 1205 2327 de
1237 2283 1392 2327 certo
1421 2286 1741 2338 moment0,
1773 2294 1892 2342 quo
1922 2278 2104 2329 homo
2134 2281 2197 2328 in
2225 2277 2418 2328 lucem

223 2345 439 2404 edatur,
467 2348 643 2410 varijs
671 2346 741 2397 de
763 2346 945 2397 caulis
966 2347 1313 2411 ambigatur:
1343 2347 1731 2401 nihilominus
1752 2350 2047 2414 Astrologi
2067 2364 2274 2400 verum
2293 2364 2416 2399 mo-

222 2422 484 2466 mentum
500 2432 570 2466 ex
585 2417 979 2468 accidentibus
993 2420 1055 2468 in
1069 2420 1204 2478 vita,
1221 2434 1356 2469 cum
1376 2427 1549 2471 natus
1570 2421 1910 2480 adoleuerit‚
1934 2420 2416 2484 contingentibuS,

222 2488 301 2536 ita
327 2494 481 2537 certo
509 2487 776 2552 colligere
803 2489 1041 2551 possum,
1070 2496 1131 2540 ut
1156 2489 1375 2540 etiamfi
1396 2490 1527 2554 plus
1547 2495 1770 2556 integra
1790 2492 1940 2543 hora
1960 2491 2168 2543 falsum
2188 2490 2250 2541 fit
2265 2490 2416 2555 judi-

223 2563 416 2607 catum
435 2564 679 2621 tempus,
701 2566 900 2610 tamen
920 2558 1031 2611 hac
1052 2562 1279 2611 ratione
1301 2563 1362 2610 in
1384 2565 1521 2612 certi
1542 2563 1972 2627 propemodum
1989 2564 2275 2613 momenti
2289 2577 2416 2625 cog-

222 2629 505 2678 nitionem
525 2633 827 2691 pervenire
848 2631 1065 2693 possint.
1094 2631 1220 2682 Nec
1241 2631 1316 2682 ad
1338 2637 1735 2697 conceptionis
1755 2641 1985 2697 tempus
2006 2640 2330 2697 propterea,
2356 2639 2418 2683 ut

222 2697 305 2747 illi
319 2701 662 2759 existimant,
678 2702 1302 2766 recurruntAstrologi‚
1317 2704 1475 2765 quod
1486 2704 1631 2756 illud
1644 2708 1853 2756 certius
1866 2721 2046 2768 quam
2057 2703 2415 2762 natalicium,

223 2774 395 2831 atque
430 2784 500 2819 eo
533 2770 742 2820 melius
774 2786 875 2834 per
909 2772 1166 2823 siderum
1200 2772 1666 2827 constitutionem
1698 2775 1895 2827 futura
1926 2775 2236 2839 praevideri
2268 2775 2415 2838 posse

223 2841 566 2899 existiment,
600 2842 700 2891 sed
731 2841 946 2901 saltem,
980 2850 1042 2893 ut
1071 2843 1268 2894 locum
1298 2844 1484 2896 Lunae
1520 2847 1694 2909 (retro
1726 2847 2096 2898 numerando
2126 2852 2325 2909 partus
2354 2848 2416 2895 in

222 2916 383 2959 vtero
404 2911 654 2973 moram)
676 2918 937 2975 tempore
959 2917 1355 2977 conceptionis
1375 2915 1590 2968 faciant
1611 2921 1672 2968 in
1692 2925 1864 2981 partu
1884 2917 2306 2975 ascendentem,
2335 2923 2415 2967 at-

222 2994 335 3042 que
358 2995 428 3030 ex
448 2980 578 3031 loco
595 2981 795 3041 Lunae,
819 2986 918 3045 qui
938 2990 1074 3035 tunc
1097 2987 1301 3044 existit,
1323 2988 1486 3039 iuxta
1507 2987 1831 3040 doctrinam
1851 2991 2077 3051 antiqui
2093 2987 2249 3038 illius
2265 2986 2414 3037 Her-

221 3053 389 3101 metis
409 3050 765 3102 ascendentis
786 3053 1031 3116 gradum
1052 3057 1113 3104 in
1134 3058 1438 3108 natiuitate
1460 3058 1747 3110 verificari
1767 3059 1992 3122 possint:
2017 3074 2197 3122 quam
2217 3065 2416 3109 tamen

219 3120 525 3184 horoscopi
553 3122 1024 3174 emendationem
1051 3125 1199 3175 nulli
1219 3127 1683 3193 Astrologorum,
1710 3137 1996 3193 tanquam
2024 3131 2269 3180 omnino
2297 3143 2413 3179 cer-

2294 3206 2414 3250 tam

2475 867 2516 901 10

2474 1223 2514 1256 15

2469 1578 2515 1612 20

2456 1932 2537 1974 10V

2468 2289 2513 2323 30

2467 2644 2512 2678 35

2466 2998 2511 3032 40
