2678 4069
237 109 305 159 22
966 98 1077 149 DE
1104 97 1343 149 NOVA
1371 96 1687 148 STELLA

235 248 439 310 prioris
468 242 647 293 stellae
668 242 723 290 A
744 244 804 290 in
830 240 914 290 29.
938 239 1012 289 G.
1034 239 1082 289 Ο.
1106 238 1190 288 Μ.
1213 238 1286 289 ab
1313 236 1666 301 aequinofflo
1686 252 1887 296 vern0,
1914 236 2089 299 idque
2116 238 2178 286 in
2203 234 2419 299 puncto

234 318 306 375 D,
336 329 467 365 cum
493 311 795 363 latitudine
821 309 1044 360 boreali
1070 309 1141 360 51.
1166 308 1240 359 G.
1262 309 1345 359 40.
1369 308 1454 359 M.
1477 323 1658 371 quam
1683 307 2033 371 representat
2061 307 2141 369 (vt
2162 305 2303 368 dixi)
2331 321 2418 357 ar-

234 401 332 436 cus
353 386 407 434 A
426 384 497 433 D.
522 380 847 444 Longitudo
869 386 1067 431 autem
1086 379 1412 442 posterioris
1432 381 1494 429 in
1514 379 1560 429 B
1582 377 1796 441 pofitae,
1817 377 1880 428 fit
1900 379 1962 427 in
1975 378 2024 428 7.
2042 377 2116 428 G.
2131 377 2216 428 50.
2233 377 2318 427 M.
2341 379 2419 436 ὅ.

233 456 411 517 quue
438 456 499 503 in
527 450 740 515 puncto
762 451 820 510 F,
850 466 984 501 cum
1010 449 1314 501 latitudine
1340 449 1563 500 boreali
1583 449 1667 500 49.
1692 448 1766 499 G.
1788 449 1836 499 Ο.
1859 448 1945 498 Μ.
1968 463 2149 511 quam
2169 447 2421 511 designat

232 540 398 576 arcus
415 524 459 573 B
471 523 514 572 F
518 563 528 572 .
553 522 711 572 Hinc
731 521 888 571 lubet
903 520 1180 584 indagare
1196 535 1399 570 arcum
1414 520 1469 570 D
1481 520 1543 579 E,
1566 526 1854 582 quantum
1868 518 2134 569 videlicet
2149 518 2195 568 E
2215 512 2420 585 longi-ss
2471 529 2492 562 5

231 595 370 645 tudo
398 608 573 643 nouae
601 591 782 642 stellae
810 591 1048 642 excedat
1074 590 1500 654 longitudinem
1526 589 1661 640 fixae
1688 592 1750 640 in
1770 590 1826 639 A
1845 588 2060 652 pofitae,
2089 604 2223 652 quae
2255 588 2329 638 est
2360 591 2422 638 in
2448 597 2545 639 B3r

233 666 304 724 D,
327 672 384 714 vt
400 664 444 714 E
465 663 628 713 locus
642 662 1020 725 longitudinis
1036 676 1212 712 nouae
1228 660 1426 720 stellae,
1443 663 1505 711 in
1520 660 1830 723 Eccliptica
1845 659 2235 723 cognoscatur.
2259 659 2422 709 Libet

233 738 406 786 etiam
427 733 563 783 hinc
584 748 752 784 arcus
775 732 824 783 C
838 733 883 783 E
906 734 1290 795 quantitatem
1310 731 1603 795 indagare,
1631 737 1690 781 vt
1710 730 2028 781 innotescat
2049 732 2225 781 etiam
2245 728 2422 780 huius

232 821 407 856 nouae
435 804 615 854 stellae
643 804 715 854 ab
744 803 1021 866 Ecliptica
1046 805 1309 862 remotio,
1338 818 1518 865 quam
1545 801 1914 853 latitudinem
1939 807 2167 852 vocant.
2201 801 2423 851 Verum

230 883 287 926 vt
314 879 375 925 in
401 874 615 925 horum
642 876 919 924 noticiam
945 889 1048 936 per
1074 873 1501 937 triangulorum
1525 872 1960 936 Sphaericorum
1986 871 2299 931 scientiam,
2327 871 2421 921 de·
2476 881 2518 915 10

229 947 347 997 bito
374 946 626 1009 processu
653 946 961 1007 peruenire
987 943 1173 1003 liceat,
1202 943 1498 994 considero
1526 946 1795 993 omnium
1820 945 2011 1006 primo
2034 941 2422 1006 Triangulum

229 1019 284 1067 A
302 1016 357 1067 G
374 1017 436 1075 B,
460 1018 623 1066 cuius
643 1016 783 1066 bina
802 1015 986 1066 latera
1006 1017 1067 1064 in
1083 1013 1140 1065 G
1155 1014 1293 1077 polo
1314 1012 1526 1074 iuncia,
1549 1020 1690 1065 nota
1709 1013 1853 1073 sunt,
1874 1029 1978 1076 per
1993 1012 2423 1076 complementa

229 1086 603 1138 latitudinum
628 1085 882 1136 fixarum
911 1085 967 1136 G
988 1086 1060 1144 A,
1093 1084 1302 1135 scilicet
1327 1085 1411 1136 38.
1436 1084 1509 1135 G.
1531 1085 1616 1135 20.
1639 1084 1724 1135 M.
1748 1084 1806 1135 G
1827 1084 1873 1134 B
1900 1099 2041 1134 vero
2067 1084 2140 1134 41.
2164 1083 2238 1134 G.
2263 1083 2312 1134 Ο.
2335 1083 2420 1134 M.

231 1158 319 1208 Est
353 1159 528 1207 etiam
560 1156 826 1220 anguluS,
862 1171 1038 1219 quern
1071 1154 1220 1207 dieta
1252 1155 1436 1206 latera
1469 1154 1973 1218 comprehendunt
2005 1161 2196 1205 notuS.
2249 1153 2423 1205 Illum

231 1231 389 1279 enim
420 1230 652 1278 metitur
685 1243 853 1278 arcus
887 1227 942 1277 D
970 1227 1028 1286 F,
1063 1225 1391 1277 differentia
1422 1226 1687 1276 videlicet
1719 1225 2097 1289 longitudinis
2129 1224 2423 1288 Vtriusque
2477 1235 2518 1269 15

230 1299 381 1358 fixae,
417 1314 549 1361 quae
584 1298 657 1348 est
689 1298 722 1349 8
756 1297 897 1348 Gra.
925 1298 1010 1348 50.
1039 1297 1123 1347 Μ.
1164 1297 1332 1347 Vnde
1365 1312 1467 1360 per
1499 1296 1833 1360 vigesimam
1866 1295 2138 1348 oeiauam
2169 1295 2420 1359 propoli-

230 1373 451 1420 tionem
479 1368 609 1419 libri
639 1371 845 1432 quarti,
877 1367 1158 1418 Iohannis
1189 1368 1653 1431 Regiomontani,
1684 1367 1755 1418 de
1781 1366 2085 1431 triangulis
2110 1366 2420 1430 sphaericiS,

232 1456 399 1491 arcus
415 1441 470 1490 A
485 1440 530 1490 B
546 1439 860 1499 innotescit,
884 1454 1060 1502 quem
1075 1441 1413 1489 inuenimus
1428 1439 1476 1489 6.
1492 1441 1747 1502 partium
1762 1453 1896 1488 cum
1912 1437 1977 1502 ¹s,‚
1994 1437 2231 1501 qualern
2246 1440 2422 1489 etiam

231 1527 333 1574 per
371 1510 835 1569 instrumentum,
876 1509 1160 1573 capiendo
1198 1509 1490 1572 vtriusque
1529 1508 1665 1560 fixae
1705 1508 2053 1568 distantiam,
2097 1508 2420 1559 obseruaui.

233 1582 429 1632 Habet
467 1584 662 1644 itaque
701 1596 858 1631 nunc
897 1579 1113 1631 dicium
1144 1579 1530 1644 Triangulum
1562 1581 1617 1630 A
1640 1579 1697 1631 G
1718 1580 1764 1630 B
1799 1582 2001 1631 omnia
2038 1579 2222 1631 latera
2259 1586 2420 1630 nota:
2472 1589 2518 1624 2⁰

232 1652 384 1702 vnde
405 1667 508 1715 per
527 1652 792 1702 vltimam
811 1651 1263 1714 propositionem
1290 1651 1420 1701 libri
1447 1654 1637 1714 quarti
1658 1651 2107 1714 Regiomontani
2128 1650 2198 1701 de
2218 1650 2422 1701 Trian-

232 1723 395 1786 guliS,
423 1722 516 1773 vel
541 1725 770 1773 tertiam
795 1722 925 1773 libri
953 1724 1140 1785 quinti
1168 1721 1438 1781 eiusdem,
1467 1721 1780 1785 Copernici
1800 1737 1940 1772 vero
1962 1721 2033 1772 de
2054 1721 2254 1786 ijsdem
2275 1721 2422 1772 deci-

234 1809 394 1844 mam
414 1796 657 1852 tertiam,
679 1792 949 1857 Angulus
971 1793 1016 1843 B
1038 1794 1093 1842 A
1115 1792 1172 1843 G
1193 1792 1665 1844 manifestabitur.
1693 1793 1903 1843 Inueni
1924 1800 2122 1843 autem
2142 1791 2301 1843 hunc
2322 1808 2423 1843 an-

233 1864 453 1928 gulum,
488 1864 748 1914 absoluta
777 1866 1116 1926 operatione
1146 1879 1546 1923 numerorum,
1581 1866 1743 1914 iuxta
1776 1862 1954 1915 didtas
1986 1863 2423 1926 propositiones,

233 1937 487 1997 partium
514 1934 608 1984 III.
650 1935 1023 1984 Minutorum
1049 1934 1133 1985 46.
1174 1935 1349 1984 Nunc
1378 1937 1553 1985 etiam
1579 1937 1706 1997 pari
1733 1937 1959 1996 ratione
1989 1934 2273 1998 angulum
2301 1933 2424 1984 Tri·
2474 1944 2520 1978 25

235 2005 434 2069 anguli
456 2004 643 2064 CAB,
666 2008 766 2068 qui
788 2004 861 2055 est
882 2005 955 2056 ad
976 2006 1048 2064 A,
1071 2005 1359 2055 dimetiar:
1382 2021 1523 2056 nam
1545 2005 1595 2055 &
1617 2008 1819 2056 omnia
1841 2004 2018 2056 huius
2041 2000 2060 2072 ΙΙ
2081 2005 2265 2056 latera
2285 2012 2426 2056 nota
2452 2013 2555 2056 B3v

234 2075 362 2126 sunt
384 2091 454 2126 ex
476 2076 964 2135 antecedentibuS‚
989 2075 1038 2126 C
1053 2077 1108 2125 A
1129 2083 1277 2139 part:
1300 2077 1332 2127 5
1354 2076 1728 2127 Minutorum
1747 2076 1826 2127 21:
1850 2076 1900 2127 C
1922 2077 1985 2136 B,
2007 2077 2040 2128 5
2061 2076 2209 2127 Part.
2232 2077 2252 2126 l
2273 2076 2423 2127 Min.

236 2147 291 2196 A
312 2147 357 2196 B
386 2146 433 2197 6.
456 2146 581 2196 Par.
605 2147 659 2197 15
686 2147 835 2196 Min.
876 2146 1087 2197 Euadit
1113 2149 1283 2210 igitur
1303 2147 1573 2211 Angulus
1601 2146 1650 2198 C
1671 2148 1727 2197 A
1749 2147 1812 2207 B,
1839 2162 1942 2210 per
1969 2145 2147 2199 dicias
2173 2146 2424 2210 propoli-

236 2219 439 2276 tioneS,
467 2220 720 2279 partium
740 2217 823 2268 49.
846 2217 1037 2267 Minu.
1059 2217 1143 2268 52.
1185 2218 1366 2268 Hunc
1393 2218 1677 2282 angulum
1703 2218 1775 2269 ab
1803 2217 2020 2282 angulo
2042 2219 2088 2269 B
2109 2219 2165 2268 A
2187 2218 2244 2269 G
2265 2220 2429 2281 prius

237 2290 497 2347 inuent0,
520 2287 739 2347 aufem,
766 2295 1048 2351 tanquam
1071 2295 1296 2351 partem
1317 2288 1387 2339 de
1408 2288 1509 2339 suo
1530 2296 1667 2349 tot0,
1691 2288 1742 2339 &
1763 2288 2111 2352 relinquitur
2131 2292 2425 2352 quantitas
2475 2299 2521 2333 3⁰

238 2358 436 2421 anguli
458 2358 507 2408 C
523 2359 578 2408 A
594 2358 667 2418 G,
690 2361 942 2421 partium
963 2359 1035 2418 61,
1058 2359 1249 2409 Minu.
1272 2360 1355 2409 44.
1391 2360 1567 2411 Nunc
1587 2360 1925 2423 progredior
1945 2359 2019 2411 ad
2040 2359 2426 2424 Triangulum

239 2428 288 2479 C
301 2429 355 2478 A
370 2428 443 2488 G,
467 2432 631 2479 cuius
651 2429 936 2492 AnguluS‚
960 2432 1059 2492 qui
1080 2430 1154 2481 ad
1175 2431 1246 2489 A,
1269 2433 1388 2481 iam
1409 2433 1683 2481 innotuit:
1706 2430 1824 2481 duo
1845 2446 1985 2481 vero
2006 2431 2190 2482 latera
2210 2429 2427 2482 dicium

238 2499 520 2562 angulum
559 2499 1113 2562 comprehendentia
1147 2500 1203 2551 G
1224 2502 1279 2551 A
1313 2500 1364 2551 &
1397 2502 1451 2551 A
1474 2501 1540 2561 C,
1581 2517 1653 2552 ex
1684 2501 2077 2565 superioribus
2109 2508 2250 2553 nota
2281 2501 2424 2552 sunt.

240 2569 609 2632 Quapropter
640 2570 925 2621 beneficio
955 2571 1023 2621 28
1055 2572 1460 2634 propositionis
1493 2572 1622 2623 libri
1656 2575 1847 2635 quarti
1878 2572 2326 2636 Regiomontani
2355 2572 2426 2623 de

237 2639 582 2703 Triangulis,
614 2641 906 2704 reliquum
935 2641 1085 2692 latus
1117 2642 1173 2693 G
1197 2642 1246 2693 C
1276 2642 1605 2702 innotescet,
1637 2646 1892 2706 partium
1920 2643 2186 2694 videlicet
2215 2643 2284 2695 38
2314 2643 2428 2694 Mi·
2478 2653 2523 2688 35

237 2717 366 2760 nut:
389 2711 436 2760 4.
466 2711 601 2761 Erat
622 2718 819 2761 autem
840 2728 1008 2762 arcus
1031 2712 1087 2763 G
1102 2712 1167 2772 C,
1191 2713 1686 2776 complementum
1700 2713 2021 2764 latitudinis
2035 2729 2214 2765 nouae
2229 2713 2428 2765 stellae.

237 2781 404 2831 Vnde
425 2781 647 2832 sublato
670 2798 755 2841 e0,
779 2798 814 2833 a
834 2782 1192 2844 Quadrante‚
1208 2799 1349 2834 vera
1369 2784 1550 2834 stellae
1571 2784 1833 2844 latitud0,
1854 2787 2109 2848 partium
2123 2785 2190 2836 53
2206 2785 2427 2835 Minut:

238 2851 307 2902 56
334 2851 551 2902 euadit:
585 2856 875 2915 quantitas
902 2853 1166 2904 videlicet
1193 2870 1361 2905 arcus
1389 2854 1517 2905 CE.
1557 2855 1668 2905 Pro
1694 2854 2056 2919 longitudine
2084 2871 2224 2906 vero
2252 2854 2429 2906 huius

240 2922 420 2972 stellae
454 2922 800 2986 indaganda,
836 2924 1034 2987 anguli
1067 2924 1122 2974 D
1141 2924 1277 2985 GE,
1312 2928 1696 2988 quantitatem
1727 2941 1830 2988 per
1863 2929 2065 2977 omnia
2097 2926 2281 2977 latera
2305 2925 2428 2976 Tri-

241 2992 440 3056 anguli
462 2992 518 3043 G
534 2994 589 3042 A
606 2993 671 3052 C,
693 2996 813 3044 iam
835 2997 1077 3057 cognita,
1103 2995 1388 3055 dimetior,
1416 2998 1579 3046 iuxta
1600 2999 2004 3059 operationem
2023 2997 2430 3060 propositionis
2479 3008 2525 3042 40

239 3063 307 3113 34
339 3063 469 3114 libri
503 3063 726 3125 Quarti,
760 3064 853 3114 vel
884 3067 1067 3115 tertiae
1098 3065 1229 3116 libri
1262 3065 1467 3128 Quinti
1497 3066 1945 3130 Regiomontani
1978 3067 2048 3118 de
2081 3067 2429 3132 Triangulis,

239 3133 488 3184 Inuenio
516 3141 713 3185 autem
739 3133 954 3186 diffitum
981 3135 1263 3199 angulum
1289 3143 1438 3199 part:
1467 3137 1516 3196 8,
1545 3137 1597 3187 &
1621 3140 1834 3188 minuti
1859 3141 2048 3189 vnius.
2083 3138 2264 3189 Hunc
2290 3153 2431 3189 vero

2146 3209 2430 3273 angulum
