2678 4069
229 100 297 151 80
793 91 1334 144 APPENDICES
1360 91 1481 142 AD
1509 91 1842 144 LIBRUM

2434 230 2523 273 26⁹

320 2066 698 2118 ATURNUS
725 2067 910 2118 Lunae
937 2067 1216 2131 partiliter
1242 2070 1473 2119 iunctus
1498 2075 1759 2132 tempore
1786 2068 1964 2119 huius
1989 2067 2197 2133 solstitij
2228 2067 2409 2120 aestiui

345 2152 621 2202 magnam
641 2141 1092 2202 praerogatiuam
1111 2141 1173 2188 in
1194 2138 1551 2202 disponenda
1571 2138 1670 2190 fibi
1691 2142 1842 2190 aeris
1864 2139 2140 2203 qualitate
2162 2145 2407 2205 arrogat,

222 2207 688 2272 Dominiumque
703 2224 821 2259 vna
838 2224 972 2259 cum
986 2208 1179 2260 Marte
1203 2209 1402 2272 (veluti
1423 2212 1484 2260 in
1503 2209 1854 2273 praecedenti
1876 2213 2053 2261 etiam
2072 2208 2407 2271 nouilunio)

221 2279 461 2330 inuadit.
495 2279 661 2330 Mars
689 2282 847 2330 enim
867 2281 929 2329 in
954 2278 1084 2330 loco
1107 2281 1145 2340 (ζ
1169 2279 1376 2331 solium
1402 2279 1519 2331 flue
1547 2287 1889 2344 carpentum
1915 2280 2162 2345 possidet‚
2189 2280 2408 2332 locum-

223 2364 335 2412 que
361 2348 396 2412 ἲ)
421 2349 682 2413 disponit,
710 2349 761 2400 &
793 2352 850 2409 Θ
881 2350 954 2401 ab
981 2349 1155 2413 ipsius
1183 2366 1423 2414 corpore
1451 2351 1525 2402 ad
1551 2351 1715 2402 suam
1741 2351 2060 2403 Antisciam
2085 2354 2410 2402 intuentem
2459 2362 2480 2396 5

221 2422 484 2483 proxime
511 2421 744 2471 accedit.
779 2420 889 2471 Etfi
908 2435 1047 2471 vero
1069 2428 1356 2484 quantum
1375 2421 1411 2484 b
1431 2422 1669 2485 quidem
1688 2425 1952 2486 imperat,
1973 2421 2203 2473 AEstatis
2230 2421 2409 2486 legiti-

221 2506 382 2541 mam
394 2493 863 2542 constitutionem
876 2494 1104 2542 minuto
1120 2491 1313 2543 calore
1326 2491 1643 2552 obscuram,
1657 2493 1937 2553 nubilam,
1952 2492 2410 2544 &turbulentam

221 2561 525 2625 portendit,
558 2567 754 2612 tamen
795 2566 841 2619 ὅ
881 2577 1312 2626 nonnunquam
1345 2562 1544 2614 aestum
1577 2563 2000 2627 ficcitatemque
2032 2563 2291 2614 intendit.
2332 2564 2410 2614 At

222 2634 361 2695 quia
388 2634 419 2692 ζῖ
445 2630 788 2684 coniunctus
816 2635 877 2683 in
906 2632 1079 2697 ipsius
1106 2633 1283 2684 domo
1312 2648 1493 2698 prope
1519 2634 1696 2697 pedes
1727 2637 1800 2694 Π,
1828 2634 2057 2685 Venere
2087 2649 2209 2685 non
2237 2633 2409 2698 longe

221 2709 459 2761 remota,
490 2702 620 2766 ipfis
646 2703 974 2767 applicante
1001 2706 1149 2754 inter
1174 2703 1562 2768 tempestuosa
1590 2704 1826 2756 Orionis
1849 2704 1900 2755 &
1920 2706 2161 2769 Aurigae
2190 2704 2407 2770 sydera,
2463 2715 2504 2749 10

220 2773 667 2837 tempestuosam
683 2773 734 2824 &
747 2773 1125 2826 furibundam
1145 2782 1455 2826 ventorum
1475 2775 1714 2835 rabiem,
1735 2782 2104 2839 tempestates
2124 2778 2408 2839 pernicio-

220 2842 323 2903 saS‚
352 2843 699 2895 creberrima
723 2847 997 2905 tonitrua,
1025 2844 1256 2909 fulgura
1281 2846 1612 2909 imbresque
1634 2845 1885 2910 &ignita
1911 2848 2061 2897 aeris
2088 2845 2407 2906 methema,

221 2914 412 2965 dirum
444 2913 662 2966 fortasse
696 2915 1023 2975 Cometam,
1056 2916 1149 2966 vel
1183 2918 1498 2980 quicquam
1537 2915 1717 2967 limile
1756 2916 2060 2981 portendit,
2099 2916 2135 2980 b
2172 2932 2408 2980 quoque

222 2985 426 3036 eadem
446 2986 704 3037 intendit.

2319 3198 2404 3249 IN
