2678 4069
141 1052 181 1085 10

143 1409 183 1442 15

140 1765 184 1799 20

140 2122 184 2155 25

142 2478 187 2511 30

143 2834 187 2868 35

146 3189 190 3223 40

646 258 759 309 DE
786 258 1306 314 DISCIPLINIS
1334 261 2016 315 MATHEMATICIS
2338 264 2428 316 155

165 419 179 435 r
230 417 352 452 non
384 402 559 465 possit,
591 397 610 469 ΙΙ
641 401 741 453 sed
775 401 933 452 nolle
966 403 1254 454 videatur:
1289 404 1430 467 quid
1463 404 1659 468 quaeso
1693 407 2004 468 impietatis
2037 408 2158 465 erit,
2193 407 2428 457 asserere

229 475 424 536 ipsum
450 471 610 524 hunc
636 472 975 523 inferiorem
1001 474 1293 525 mundum
1319 490 1422 538 per
1448 475 1805 539 superiorem
1830 492 2044 540 magna
2070 492 2141 527 ex
2161 483 2322 540 parte
2344 493 2427 528 re-

229 559 361 608 gere
384 550 437 595 et
458 542 820 608 gubernare?
847 546 927 595 ita
950 550 1149 595 tamen
1170 552 1232 595 ut
1253 545 1440 597 causae
1461 546 1728 598 secundae
1751 563 1786 598 a
1807 550 2012 610 prima,
2041 563 2175 598 curn
2201 547 2429 599 libitum

229 614 417 675 fuerit,
438 615 607 666 facile
630 618 808 666 everti
829 616 1045 678 possint.
1068 616 1328 679 Apparet
1350 619 1563 681 itaque,
1586 633 1766 681 quam
1787 621 1986 682 inique
2005 619 2360 670 ordinationi
2376 626 2429 669 et

229 686 615 749 providentiae
647 686 868 737 diuinae
899 686 1313 746 contradicant,
1346 691 1446 750 qui
1476 695 1766 739 astrorum
1797 689 2022 740 nullam
2053 691 2154 740 esse
2185 691 2430 741 asserunt

230 760 292 808 in
313 756 443 808 haec
463 757 744 809 inferiora
763 757 1152 808 influentiam.

302 829 428 880 Nec
457 832 654 880 minus
684 832 745 879 in
774 828 1148 879 manifestam
1179 832 1599 892 experientiam
1628 838 1883 893 peccant,
1916 834 2007 882 cui
2036 832 2428 883 contradicere

230 915 352 951 non
387 900 461 951 est
494 899 753 951 hominis
785 900 925 951 sano
950 899 1173 964 judicio
1203 900 1446 962 praediti.
1483 900 1630 962 Quis
1661 905 1818 952 enim
1848 918 1970 952 non
2000 903 2427 961 animaduertit,

231 971 620 1022 diuerfitatem
647 971 998 1035 qualitatum
1024 973 1086 1021 in
1113 977 1366 1034 quatuor
1393 974 1535 1022 anni
1561 973 1918 1035 temporibus
1947 989 2017 1023 ex
2046 973 2194 1025 Solis
2216 975 2429 1024 accessu

232 1049 285 1093 et
306 1044 515 1094 recessu
530 1059 598 1094 36
613 1043 913 1094 ordinario
935 1058 1037 1106 per
1052 1041 1292 1093 Zodiaci
1314 1041 1783 1094 dodecatemoria
1803 1044 2039 1095 transitu
2061 1043 2317 1095 causari?
2338 1044 2429 1096 Sic

231 1113 515 1174 videmus,
551 1114 834 1165 crescente
866 1114 1052 1173 Luna,
1084 1115 1286 1164 omnia
1321 1129 1454 1176 quae
1490 1115 1613 1164 eius
1647 1121 1873 1165 naturae
1908 1115 2158 1179 analoga
2190 1116 2332 1175 sunt,
2367 1122 2429 1166 ut

232 1186 535 1237 cerebrum
556 1188 617 1236 in
638 1185 1054 1245 animantibuS,
1081 1183 1371 1235 medullas
1393 1185 1593 1235 ossium
1615 1191 1667 1235 et
1688 1185 1980 1245 arborum,
2010 1202 2355 1237 cancrorum
2377 1193 2430 1237 et

233 1256 595 1308 concharum
617 1272 838 1316 carneS‚
859 1256 1164 1319 multaque
1186 1254 1304 1307 3113
1324 1271 1447 1306 11113
1468 1256 1731 1315 crescere,
1754 1259 1880 1319 ipsa
1894 1273 2033 1307 vero
2055 1257 2428 1317 decrescente,

234 1328 362 1379 haec
390 1328 598 1379 eadem
624 1330 914 1379 imminui.
944 1328 1069 1378 Imo
1098 1334 1152 1378 et
1178 1327 1468 1378 vastissimi
1495 1326 1651 1377 illius
1674 1327 1896 1378 Oceani
1923 1327 2116 1379 fluxus
2144 1335 2317 1392 atque
2345 1344 2429 1379 re-

234 1399 445 1460 fluxuS‚
468 1402 655 1450 motui
671 1400 908 1459 Lunari,
932 1398 1094 1462 quali
1114 1414 1217 1462 per
1238 1404 1507 1450 catenam
1528 1397 1795 1462 alligatus
1818 1398 1907 1458 est,
1930 1402 2197 1450 utstatim
2213 1402 2432 1450 oriente

234 1471 404 1522 Luna
424 1474 663 1535 incipiat
683 1486 846 1522 mare
861 1470 1062 1530 fluere,
1084 1470 1271 1520 donec
1286 1472 1414 1533 ipsa
1428 1469 1691 1520 medium
1707 1469 1839 1520 coeli
1855 1470 2151 1521 cardinem
2166 1473 2431 1534 attigerit:

234 1558 353 1606 quo
374 1549 636 1606 tempore
658 1542 914 1606 idipsum
935 1544 997 1592 in
1018 1540 1287 1592 occasum
1314 1540 1494 1604 usque
1517 1541 1703 1591 Lunae
1731 1540 1937 1600 refluit,
1967 1541 2332 1604 eandemque
2353 1544 2433 1591 vi-

235 1614 611 1665 cissitudinem
627 1614 798 1664 Luna
817 1629 921 1677 per
941 1612 1184 1663 inferius
1205 1611 1685 1676 hemisphaerium
1705 1612 2035 1662 transeunte
2056 1612 2263 1663 seruat:
2287 1612 2434 1663 adeo

234 1692 297 1736 ut
322 1701 486 1736 mare
513 1685 737 1749 semper
757 1684 811 1735 se
833 1684 1030 1735 versus
1052 1685 1301 1744 Lunam,
1329 1690 1616 1747 tanquam
1645 1682 1814 1734 suum
1840 1691 2169 1747 magnetem
2196 1683 2432 1734 attollat.

235 1757 386 1807 Haec
413 1763 612 1807 tamen
640 1759 843 1807 omnia
869 1755 1075 1806 fortius
1103 1762 1157 1806 et
1186 1754 1497 1814 efficacius,
1529 1770 1664 1805 cum
1693 1754 1863 1805 Luna
1890 1753 2010 1805 Soli
2037 1757 2097 1804 in
2125 1754 2434 1804 nouilunio

235 1830 624 1893 conjungitur,
658 1834 759 1879 aut
793 1827 986 1878 eidem
1014 1830 1076 1877 in
1105 1826 1434 1890 plenilunio
1467 1825 1884 1877 diametraliter
1917 1828 2245 1888 opponitur,
2287 1828 2435 1876 circa

234 1899 460 1950 medias
489 1915 630 1950 vero
662 1898 1050 1962 quadraturas
1080 1897 1328 1949 debilius
1360 1904 1413 1948 et
1443 1897 1656 1948 lentius
1688 1902 1977 1960 operatur,
2009 1903 2071 1947 ut
2098 1912 2220 1946 non
2246 1896 2307 1946 fit
2334 1896 2434 1946 du-

234 1970 413 2030 bium,
437 1970 509 2022 ab
525 1977 771 2034 vtroque
792 1976 958 2021 motu
974 1970 1177 2028 Lunae‚
1199 1975 1320 2020 tam
1341 1968 1571 2028 diurn0,
1594 1983 1775 2031 quam
1795 1970 2048 2031 proprio,
2070 1967 2322 2030 pendere
2338 1967 2434 2017 ad-

234 2042 568 2093 mirandam
594 2044 770 2093 totius
793 2041 1018 2093 Oceani
1046 2043 1549 2092 exaestuationem.
1579 2039 1730 2090 Haec
1759 2045 1813 2090 et
1839 2038 2094 2102 plurima
2120 2037 2210 2088 his
2234 2037 2437 2089 fimilia

236 2116 413 2164 etiam
434 2116 572 2164 artis
590 2115 842 2177 imperiti
857 2127 1295 2176 nonnunquam
1311 2118 1544 2162 norunt.
1568 2110 1680 2162 Sed
1696 2117 1749 2162 et
1764 2116 1962 2161 nautae
1979 2116 2152 2173 atque
2169 2108 2436 2173 agricolae

237 2191 527 2236 certarum
553 2184 809 2236 fixarum
836 2190 996 2235 ortus
1025 2190 1078 2234 et
1105 2183 1341 2234 occasus
1363 2182 1564 2233 crebra
1585 2184 1945 2245 experientia
1965 2187 2258 2240 notarunt,
2286 2180 2436 2230 vnde

236 2255 663 2307 anniversarias
684 2255 1046 2319 tempestates
1067 2254 1264 2305 videre
1287 2261 1340 2305 et
1360 2269 1693 2318 praecavere
1714 2254 1952 2316 possunt.
1975 2252 2279 2302 Peritiores
2295 2267 2437 2301 uero

237 2334 291 2378 et
310 2330 372 2378 in
393 2326 505 2378 hac
526 2327 778 2379 abstrusa
798 2333 920 2378 arte
943 2328 1237 2377 exercitati
1261 2324 1789 2389 deprehenderunt,
1818 2323 1957 2387 quid
1984 2323 2236 2374 aliarum
2264 2325 2437 2372 etiam

236 2401 624 2450 inerrantium
657 2398 958 2449 stellarum
990 2404 1231 2456 mutuae,
1266 2396 1364 2447 uel
1397 2412 1531 2447 cum
1559 2395 1974 2447 Luminaribus
2008 2400 2108 2445 aut
2140 2393 2270 2444 fixis
2304 2409 2435 2443 con-

237 2469 615 2534 figurationes
643 2468 913 2520 efficiant.
943 2469 1221 2531 Hincque
1249 2470 1400 2519 aeris
1423 2469 1913 2525 constitutionem,
1942 2468 2003 2516 in
2025 2472 2277 2528 quatuor
2298 2466 2439 2515 anni

236 2541 613 2604 temporibuS,
635 2540 869 2605 lingulis
890 2542 1062 2591 annis
1077 2542 1237 2590 varie
1254 2538 1409 2590 affici
1431 2538 1827 2590 obseruarunt.
1851 2537 1942 2588 Sic
1964 2535 2439 2588 animaduersum

238 2612 326 2672 est,
347 2612 558 2663 Martis
575 2619 628 2663 et
642 2612 888 2662 Veneris
904 2613 1352 2662 commixtiones
1373 2612 1435 2660 in
1453 2612 1601 2673 aptis
1618 2608 1751 2660 coeli
1766 2608 1907 2659 locis
1924 2610 2173 2659 excitare
2189 2606 2437 2670 pluuias,

172 2700 192 2716 v
237 2684 467 2743 imbreS,
502 2698 939 2746 nonnunquam
965 2697 1110 2733 uero
1132 2676 1549 2749 “fulminantia
1578 2683 1856 2731 tonitrua:
1885 2680 2096 2740 Jouem
2127 2684 2180 2728 et
2208 2677 2438 2727 Mercu-

238 2757 407 2814 rium,
436 2754 536 2805 ubi
562 2753 783 2805 fortiter
810 2752 1266 2817 configurantur,
1294 2758 1607 2803 ventorum
1636 2758 1690 2802 et
1715 2756 2127 2813 tempestatum
2154 2747 2436 2812 significa-

237 2828 426 2877 tiones
454 2826 736 2877 obtinere:
766 2824 964 2876 Solem
985 2824 1238 2876 Saturno
1266 2826 1622 2887 permixtum
1649 2825 1847 2873 aerem
1876 2820 2104 2872 efficere
2125 2819 2436 2878 turbidum,

238 2896 527 2961 frigidum,
556 2903 610 2947 et
636 2899 1025 2947 inamaenum:
1054 2894 1301 2958 haecque
1328 2894 1661 2957 praesertim,
1689 2893 1729 2943 fi
1755 2895 1817 2943 in
1845 2891 2139 2942 evidentes
2162 2891 2435 2941 Lumina-

239 2970 393 3018 rium
418 2967 656 3032 fizigiaS,
685 2974 786 3019 aut
814 2982 949 3018 cum
977 2982 1048 3017 ex
1069 2973 1201 3017 ortu
1221 2965 1536 3016 illustrium
1556 2964 1810 3015 fixarum
1831 2962 1926 3013 hae
1948 2962 2045 3013 uel
2066 2961 2282 3012 similes
2305 2975 2436 3010 con-

238 3038 555 3089 stitutiones
582 3039 905 3090 inciderint.
941 3037 1032 3089 Sic
1062 3037 1198 3088 inde
1225 3053 1261 3088 a
1286 3036 1659 3087 vetustissimis
1686 3037 1770 3085 rei
1802 3033 2023 3085 rusticae
2055 3031 2436 3095 scriptoribUS‚

238 3112 440 3174 poetis,
470 3116 524 3160 et
544 3112 683 3173 ipsis
705 3112 883 3160 etiam
903 3108 1228 3172 Astrologis
1250 3107 1621 3159 obseruatum
1648 3112 1747 3166 est,
1776 3111 1935 3156 ortus
1959 3111 2011 3154 et
2033 3102 2266 3154 occasus
2292 3116 2435 3165 prae-

241 3183 549 3244 cipuarum
561 3180 936 3244 quarundam
948 3195 1083 3230 cum
1095 3178 1228 3230 Sole
1244 3178 1498 3229 fixarum
1514 3176 1830 3235 stellarum,
1847 3190 2004 3226 nunc
2019 3174 2267 3238 pluuiaS,
2282 3186 2437 3222 nunc

240 3258 462 3311 ventOS,
472 3258 959 3315 tempestatesque
971 3250 1227 3310 sonoraS‚
1239 3249 1502 3312 aliasque
1515 3250 1869 3299 mutationes
1881 3249 1943 3297 in
1955 3248 2089 3297 aere
2103 3243 2346 3301 efficere,
2357 3242 2435 3292 id-

242 3338 355 3386 que
370 3323 734 3386 potissimum‚
756 3322 797 3372 fi
811 3325 873 3373 in
888 3322 1299 3373 Luminarium
1314 3327 1567 3384 quatuor
1583 3318 1886 3370 euidentes
1897 3317 2134 3380 fizigias,
2151 3321 2250 3365 aut
2263 3315 2437 3432 etiffim

384 3404 451 3438 20*
2097 3388 2338 3435 interme
2382 3398 2439 3431 13
