2678 4069
244 172 489 224 XXXVI
783 161 1446 214 PROLEGOMENA
1475 158 1885 210 EDITORIS

244 310 392 362 digna
413 309 544 354 sunt,
574 303 693 356 quia
714 305 824 342 turn
845 299 1074 353 primurn
1096 300 1433 339 astronomus
1453 297 1567 338 fieri
1587 308 1744 350 posse
1766 296 1944 338 animo
1965 296 2204 346 finxerat,
2233 300 2289 338 ut
2313 308 2425 339 cor-

242 390 336 431 pus
359 377 564 418 caeleste
585 374 635 414 in
657 371 824 413 orbita
846 369 1040 411 circulo
1057 368 1292 409 dissimili
1307 370 1624 417 moveretur,
1648 378 1745 409 nec
1762 366 1951 408 diserte
1968 366 2259 417 addiderat,
2282 367 2427 410 illam

243 447 466 489 orbitam
494 441 849 494 compluribus
878 438 1106 480 motibus
1134 438 1475 479 circularibus
1506 440 1744 479 creatam
1771 439 1925 478 esse1.
1956 438 2199 479 Ceterum
2225 449 2331 480 non
2357 439 2427 480 la-

241 517 333 557 tuit
350 516 387 555 T
389 514 668 567 ychonem‚
691 511 850 559 illum,
876 520 1033 561 quem
1056 508 1362 561 accepisset,
1385 519 1601 549 cursum
1622 510 1848 549 cometae
1869 507 2164 560 parallaxin
2185 509 2428 560 quamvis

242 586 480 638 exiguam
500 594 610 635 prae
632 593 686 623 se
708 581 842 621 ferre
864 578 1126 628 debuisse;
1148 578 1348 620 idcirco
1369 589 1497 620 vero
1513 589 1634 619 eam
1654 578 1995 620 observatam
2010 589 2116 620 non
2132 590 2247 620 esse
2262 579 2429 621 existi-

242 655 417 702 mavit,
447 653 585 705 quod
610 649 854 692 refractio
877 649 1236 690 obluctaretur
1256 652 1321 699 et,
1346 648 1388 690 si
1409 650 1620 690 cometa
1641 659 1805 702 prope
1825 648 2158 690 horizontem
2179 652 2331 700 esset,
2361 649 2429 691 ef-

241 726 435 766 fectum
467 720 748 775 parallaxis
780 720 998 761 tolleret.
1036 719 1139 760 Etsi
1171 719 1273 760 hoc
1307 730 1413 760 non
1445 722 1587 761 recte
1621 718 1863 772 opinatus
1891 722 1983 769 est,
2019 719 2288 762 conclusio
2319 721 2429 775 ejus

240 792 550 847 principalis,
574 793 840 833 cometam
861 789 1062 843 longius
1085 801 1248 842 quam
1264 790 1472 831 Lunam
1494 789 1695 839 abesse,
1719 801 1839 842 quae
1860 801 2073 831 summa
2087 790 2162 831 rei
2176 794 2304 842 erat,
2326 791 2428 834 hac

240 876 294 906 re
315 875 419 904 non
441 861 680 903 afficitur.

299 934 530 975 Cometae
552 931 736 973 orbitae
758 930 1036 983 descriptio
1052 930 1289 983 Tychoni
1311 929 1651 972 occasionem
1673 930 1814 972 dedit
1835 930 2107 972 sententiae
2129 942 2241 972 suae
2263 932 2327 974 de
2349 943 2430 985 sy-

240 1006 459 1046 stemate
491 1002 670 1044 mundi
701 1001 1043 1054 exponendae.
1077 1001 1258 1054 Itaque
1289 1001 1440 1043 nobis
1467 1001 1697 1042 rationes
1723 1000 2048 1054 inquirendae
2075 1004 2210 1051 sunt,
2243 1002 2430 1055 quibus

240 1077 538 1117 commotus
561 1074 852 1125 systemata
872 1072 1253 1114 Ptolemaicum
1274 1075 1324 1113 et
1345 1071 1766 1125 Copernicanum
1787 1071 1941 1113 simul
1962 1071 2226 1114 reiciebat.

300 1145 479 1186 Multae
510 1143 739 1185 rationes
770 1145 933 1192 erant,
966 1154 1129 1195 quare
1159 1142 1255 1183 viri
1286 1142 1427 1184 docti
1457 1141 1639 1184 saeculi
1667 1142 1783 1183 XVI
1817 1142 2132 1184 sententiam
2162 1144 2226 1185 de
2255 1143 2430 1187 Terrae

242 1219 387 1257 motu
408 1215 639 1267 recipere
662 1216 1047 1255 cunctarentur.
1074 1213 1301 1266 Antiquo
1324 1224 1442 1255 aevo
1466 1213 1641 1254 audax
1655 1212 2044 1254 ARISTARCHI
2061 1213 2222 1255 Samii
2238 1214 2428 1267 opinio,

237 1287 452 1327 Terram
478 1296 582 1326 uno
613 1296 750 1326 anno
779 1284 921 1326 circa
942 1284 1119 1326 Solem
1147 1283 1490 1334 circumferri,
1521 1294 1644 1325 cum
1672 1283 1899 1336 quinque
1926 1285 2153 1337 planetae
2181 1296 2278 1326 sua
2299 1285 2414 1338 quis

241 1368 339 1409 que
365 1355 580 1409 periodo
609 1355 750 1397 circa
776 1355 917 1397 idem
945 1358 1185 1397 centrum
1213 1358 1568 1404 moverentur,
1598 1354 1801 1408 magnis
1822 1355 2300 1397 Alexandrinorum
2324 1368 2432 1398 ma-

238 1425 533 1468 thematicis
561 1428 717 1478 atque
745 1426 1062 1468 astronomis
1088 1426 1313 1479 probata
1341 1436 1447 1467 non
1474 1428 1601 1475 erat,
1637 1428 1794 1478 atque
1819 1425 1923 1467 hoc
1950 1425 2094 1467 illam
2122 1425 2335 1478 quidem
2363 1427 2430 1469 ob

240 1509 474 1545 causam,
497 1499 552 1537 ut
566 1496 785 1546 videtur,
809 1497 930 1549 quia
946 1508 1051 1539 non
1065 1496 1364 1538 sufficiebat
1379 1496 1446 1537 ad
1467 1496 1847 1549 »phaenomena
1862 1496 2164 1547 salvanda«,
2183 1508 2302 1549 quae
2317 1508 2432 1550 pro-

240 1567 500 1621 grediente
522 1566 813 1620 cognitione
835 1571 1077 1609 motuum
1098 1569 1431 1621 planetarum
1454 1567 1620 1620 magis
1642 1567 1912 1620 magisque
1932 1566 2202 1620 implicata
2216 1567 2428 1610 fiebant.

242 1638 376 1679 Nihil
411 1637 548 1679 aliud
584 1637 906 1679 affectabant
939 1638 1007 1679 illi
1041 1638 1403 1680 mathematici
1436 1637 1533 1679 nisi
1565 1641 1802 1690 systema
1836 1637 2291 1688 mathematicum,
2327 1650 2430 1691 quo

241 1710 359 1750 loca
379 1709 710 1761 planetarum
729 1709 999 1761 supputari
1013 1712 1242 1762 possent,
1265 1709 1368 1751 hoc
1383 1720 1511 1751 vero
1526 1708 1860 1750 Alexandriae
1877 1708 2036 1750 etiam
2053 1709 2280 1751 assecuti
2295 1713 2429 1760 sunt,

243 1782 497 1832 quantum
526 1779 844 1831 imperfectis
873 1779 1082 1820 illorum
1110 1783 1413 1833 temporum
1446 1779 1803 1821 instrumentis
1832 1779 1945 1820 fieri
1977 1782 2197 1832 poterat.
2235 1779 2334 1830 Qui
2365 1780 2430 1822 ab

242 1851 433 1891 horum
461 1853 600 1891 coetu
623 1849 775 1890 alieni
795 1853 943 1890 erant
964 1849 1263 1903 scriptores,
1291 1854 1348 1892 ut
1369 1850 1598 1891 CICERO
1621 1849 1871 1891 SENECA
1893 1849 2332 1892 PLUTARCHUS
2358 1850 2433 1905 (ut

244 1932 334 1962 eos
356 1920 676 1970 omittamus,
700 1920 787 1972 qui
806 1923 990 1973 postea
1012 1920 1270 1974 epitomas
1292 1920 1749 1974 conscripserunt),
1774 1920 1861 1972 qui
1876 1920 2218 1962 astronomiae
2234 1921 2432 1963 mathe-

245 1991 454 2032 maticae
480 2001 695 2043 prorsus
722 1990 885 2044 ignari
912 1994 1075 2041 erant,
1109 1991 1234 2032 satis
1265 1991 1533 2033 habebant
1560 1990 1944 2033 STOICORUM
1976 1991 2133 2033 rudes
2161 1991 2432 2045 opiniones

245 2060 391 2113 sequi
417 2062 498 2102 vel
526 2064 759 2113 systema
790 2061 913 2102 illud
944 2061 1165 2114 simplex
1195 2062 1601 2115 geocentricum‚
1634 2062 1775 2114 quod
1806 2061 2156 2114 descripserat
2182 2062 2433 2104 ARISTO·

244 2132 281 2172 T
285 2131 456 2173 ELES.
488 2130 661 2172 Medio
689 2142 823 2181 aevo,
852 2131 939 2173 ubi
965 2135 1212 2185 regnante
1233 2132 1337 2174 fide
1359 2133 1651 2174 Christiana
1672 2133 1842 2174 cultus
1862 2132 2270 2185 humanitasque
2292 2132 2433 2175 Grae-

247 2213 431 2243 corum
462 2202 632 2243 denuo
659 2202 819 2255 recipi
846 2202 1018 2255 caepit,
1051 2202 1289 2244 confusio
1316 2203 1663 2257 philosophiae
1684 2203 2030 2245 Aristotelicae
2061 2214 2123 2245 ac
2153 2203 2432 2258 theologiae

247 2272 567 2321 Christianae,
609 2284 728 2324 quae
761 2272 1227 2314 SCHOLASTICIS
1263 2277 1482 2327 accepta
1515 2277 1642 2324 erat,
1683 2274 2015 2315 dominatum
2049 2274 2329 2328 occupavit
2363 2278 2433 2316 at-

247 2354 346 2395 que
367 2343 490 2383 illud
512 2345 746 2394 systema
768 2343 949 2384 mundi
969 2344 1282 2396 procreavit,
1312 2345 1453 2397 quod
1480 2345 1737 2398 praeclare
1764 2344 1914 2387 nobis
1942 2344 2173 2398 depinxit
2194 2345 2377 2386 DANT
2379 2346 2430 2387 E.

246 2412 625 2454 Perfectissima
646 2425 768 2465 pars
789 2425 966 2455 rerum
988 2418 1303 2464 creatarum,
1333 2415 1611 2468 Empyreo,
1635 2415 1731 2457 Dei
1752 2415 1878 2465 sedi,
1906 2415 2165 2469 proxima,
2195 2418 2433 2458 extrema

248 2483 363 2525 caeli
384 2483 594 2536 sphaera
616 2495 729 2525 esse
750 2484 1057 2537 fingebatur,
1086 2485 1316 2538 primum
1338 2485 1546 2535 mobile,
1576 2486 1718 2539 quod
1739 2497 1950 2539 semper
1970 2488 2274 2528 moveretur
2294 2489 2344 2528 et
2364 2485 2434 2527 in-

247 2554 478 2595 cluderet
499 2553 727 2606 primum
750 2558 998 2596 octavam
1019 2556 1101 2596 vel
1123 2556 1393 2597 stellarum
1414 2556 1644 2598 fixarum
1665 2557 1950 2609 sphaeram,
1978 2559 2093 2597 tum
2115 2556 2245 2598 alias
2266 2556 2435 2609 sphae-

249 2635 349 2674 ras,
379 2635 587 2676 semper
613 2624 784 2666 minus
810 2625 1086 2678 perfectas,
1116 2638 1235 2678 quae
1261 2627 1594 2679 planetarum
1620 2627 1848 2680 propriae
1875 2630 2048 2668 essent
2075 2630 2124 2668 et
2149 2627 2215 2669 ab
2238 2627 2433 2680 angelis

249 2694 673 2747 gubernarentur,
702 2707 866 2747 usque
889 2697 955 2737 ad
975 2696 1191 2738 Terram
1213 2696 1585 2749 quiescentem,
1616 2698 1854 2739 omnium
1879 2697 2122 2739 intimam
2142 2698 2225 2739 vel
2248 2697 2430 2747 imam,

249 2776 368 2817 quae
402 2764 466 2806 ab
500 2764 799 2807 hominibus
832 2767 1199 2819 peccatoribus
1224 2767 1539 2809 incoleretur
1565 2771 1614 2810 et
1641 2768 1692 2809 in
1720 2768 1894 2810 medio
1921 2771 2122 2810 teneret
2147 2767 2433 2809 Diabolum

250 2846 372 2876 cum
399 2846 556 2888 regno
584 2846 693 2877 suo.
725 2835 876 2878 Hanc
897 2837 1110 2878 Terram
1139 2837 1190 2878 in
1217 2849 1497 2879 numerum
1523 2839 1856 2891 planetarum
1879 2839 1944 2881 ab
1967 2838 2162 2892 angelis
2183 2838 2433 2892 guberna-

248 2908 424 2946 torum
453 2904 663 2955 referre,
697 2906 813 2948 haec
845 2907 1099 2949 sententia
1128 2908 1290 2961 impia
1319 2920 1434 2950 esse
1464 2909 1755 2951 videbatur.
1792 2909 1989 2951 Notum
2019 2911 2111 2959 est,
2147 2920 2279 2962 opus
2308 2908 2433 2950 illud

251 2975 588 3016 COPERNICI
605 2987 635 3016 a
648 2976 892 3030 theologo
909 2978 1142 3030 quodam
1159 2978 1584 3032 Norimbergensi
1603 2979 1945 3033 typographis
1966 2979 2279 3021 mandatum
2300 2990 2431 3028 esse,

311 3082 320 3104 1
347 3080 583 3124 Excipiendi
603 3084 740 3116 tamen
763 3086 858 3117 sunt
879 3083 1049 3127 quidam
1071 3084 1296 3119 astronomi
1319 3085 1422 3125 Indi,
1450 3085 1521 3130 qui
1542 3086 1801 3129 planetarum
1817 3085 2051 3130 epicyclum
2068 3088 2236 3120 ovatum
2256 3084 2431 3120 admise-

251 3142 350 3178 rant,
372 3150 454 3183 qua
469 3150 553 3174 una
572 3139 613 3173 in
629 3151 681 3179 re,
703 3144 746 3174 ut
760 3140 929 3181 videtur,
951 3141 1109 3185 aliquid
1124 3142 1174 3176 de
1190 3142 1251 3182 iis,
1273 3154 1366 3187 quae
1382 3143 1526 3178 Graeca
1542 3144 1795 3179 astronomia
1811 3147 1999 3179 assecuta
2015 3147 2109 3184 erat,
2132 3143 2191 3178 illi
2213 3143 2432 3178 immutare

251 3197 386 3232 conati
403 3200 508 3233 sunt.
532 3198 589 3232 Cf.
608 3199 826 3238 DREYER,
843 3200 1018 3244 History
1033 3202 1158 3235 ofthe
1172 3202 1400 3246 Planetary
1415 3202 1618 3246 Systems
1632 3214 1658 3246 p
1685 3204 1764 3237 242.
