2678 4069
488 254 1067 305 HOROSCOPUS
1094 255 1513 306 PRINCIPIS
1542 255 2053 306 CHRISTIANI
2275 256 2365 305 195

79 406 135 448 33
181 394 448 445 occursus
470 394 625 444 estin
648 396 898 444 termino
924 394 1203 445 beneficae
1224 401 1282 453 Q,
1306 396 1356 446 8(
1378 391 1396 462 ΙΙ
1417 396 1662 446 succedit
1683 397 2014 447 immediate
2037 396 2291 446 Antiscia
2310 400 2366 453 22,

111 691 129 724 5

88 1043 129 1077 10

88 1397 128 1431 15

77 1465 135 1508 34

84 1752 129 1786 20

85 2108 130 2142 25

79 2460 134 2503 35

87 2817 132 2851 35

90 3170 135 3204 40

179 465 392 516 idcirco
418 465 614 515 Vitam
643 464 990 527 abrumpere
1021 481 1143 515 non
1172 466 1363 528 potest.
1395 467 1579 524 Adde,
1611 467 1764 529 qvod
1794 466 2058 530 Ecclipfis
2088 466 2242 516 illius
2273 466 2365 516 de-

180 541 335 586 creta
354 550 457 598 per
476 534 531 585 10
551 550 675 585 11011
694 534 930 585 fuerunt
950 535 1260 594 malevola,
1283 537 1624 599 disponente
1646 537 1807 588 illam
1827 536 2090 588 benefica
2109 542 2208 594 Qfe.

249 606 430 656 Anno
460 605 659 656 XXIX
688 612 954 656 currente
981 609 1139 656 venit
1170 605 1403 658 direc'tio
1432 607 1580 657 Solis
1611 607 1840 670 aphetae
1871 608 1945 658 ad
1977 611 2032 666 l]
2058 607 2093 669 1)
2117 609 2179 657 111
2209 613 2365 657 ante-

180 677 459 735 cedentia,
482 678 578 739 qvi
599 676 867 727 occursus
888 691 1061 739 grave
1082 679 1217 727 vitae
1239 677 1541 727 discrimen
1562 678 1865 741 portendit,
1888 694 1959 728 ex
1980 678 2295 729 Saturnina
2317 677 2367 727 8(

178 746 609 798 1110131101101103
623 746 819 810 aliqva
833 745 1156 804 affectione,
1177 747 1491 810 praesertim
1508 751 1642 811 qvia
1657 751 1807 799 circa
1821 749 1975 799 idem
1990 755 2217 811 tempus
2233 763 2366 798 con-

177 821 341 882 tingit
371 816 606 869 directio
639 822 674 875 Q
705 816 956 880 Aphetae
990 817 1063 868 ad
1096 815 1154 883 00
1178 818 1230 880 b,
1262 821 1357 881 qvi
1388 819 1459 869 ab
1490 822 1654 869 initio
1682 820 1973 869 Venerem
2002 819 2102 869 sua
2133 818 2367 868 antiscia

178 889 527 940 intuebatur.
559 888 733 939 Unde
763 887 875 939 hoc
904 895 1134 951 tempus
1164 891 1315 939 circa
1341 890 1587 939 Annum
1613 890 1810 939 XXIX
1842 893 1944 939 erit
1974 892 2107 939 vitae
2136 889 2186 939 8(
2213 889 2365 939 vale-

178 960 365 1011 tudini
393 959 534 1010 Nati
563 959 886 1010 admodum
915 958 1197 1017 infestum,
1228 959 1278 1009 8(
1304 962 1365 1009 111
1396 960 1824 1023 dignationibus
1855 962 1979 1024 ejus
2010 960 2240 1022 insuper
2270 959 2365 1009 ad-

178 1030 467 1082 verfitates
493 1029 903 1081 movebuntur.
932 1030 1105 1080 Unde
1133 1045 1281 1093 opus
1309 1030 1398 1088 est,
1427 1037 1488 1080 ut
1515 1033 1665 1081 circa
1691 1030 1802 1081 hoc
1826 1038 2054 1093 tempus
2075 1030 2191 1080 suae
2213 1029 2366 1080 vale-

177 1102 365 1153 tudini
387 1101 438 1152 8(
459 1101 719 1164 dignitati
738 1101 888 1151 bene
909 1100 1229 1163 prospiciat.

249 1173 429 1223 Anno
456 1171 708 1222 XXXVI
736 1173 958 1235 attingit
985 1169 1220 1222 directio
1250 1176 1285 1229 Q
1309 1170 1559 1234 Aphetae
1587 1172 1660 1221 ad
1687 1171 2005 1222 Antisciam
2036 1175 2108 1229 ὅ,
2138 1186 2266 1233 qvae
2294 1170 2366 1220 ob

178 1243 235 1294 id
267 1243 341 1294 est
369 1245 689 1301 nocentior,
725 1245 861 1305 qvia
893 1241 1060 1292 Mars
1090 1242 1306 1292 Veneri
1336 1241 1408 1292 ab
1438 1244 1602 1292 initio
1634 1242 2030 1305 copulabatur.
2065 1241 2368 1291 Afficietur

178 1317 370 1378 itaqve
404 1314 595 1364 Natus
628 1312 740 1364 hoc
772 1319 1034 1376 tempore
1067 1313 1285 1363 morbis
1316 1313 1678 1363 martialibus
1709 1312 1760 1363 8(
1788 1315 2052 1363 venereis
2086 1328 2156 1362 ex
2186 1314 2369 1362 nimia

177 1385 414 1436 luxuria
435 1383 486 1434 8(
507 1383 748 1447 crapula
768 1383 1047 1434 oriundis,
1065 1379 1084 1449 ΙΙ

248 1457 429 1507 Α11110
450 1455 707 1506 XXXIX
727 1454 861 1505 facit
882 1452 1118 1505 directio
1139 1454 1517 1504 Ascendentis
1544 1454 1750 1504 saltum
1776 1470 1811 1504 a
1838 1453 1954 1504 fine
1982 1459 2037 1510 Q
2063 1457 2124 1503 in
2146 1453 2367 1515 Scorpi-

179 1542 356 1579 onem
377 1542 550 1590 qvem
566 1524 842 1576 exhalma
855 1531 1083 1576 vocant.
1105 1525 1536 1575 Portenduntur
1556 1528 1747 1588 itaqve
1764 1525 2097 1575 discrimina
2113 1539 2183 1574 ex
2197 1539 2367 1573 vene-

178 1601 346 1658 natiS‚
367 1596 651 1661 pestiferis
672 1596 845 1648 rebus
867 1596 918 1647 8(
938 1598 1253 1646 inimicitiis
1273 1595 1487 1646 multis.

249 1670 430 1720 Anno
451 1668 610 1719 XLII
630 1670 789 1718 venit
815 1665 1052 1718 directio
1073 1666 1450 1717 Ascendentis
1471 1666 1545 1717 ad
1571 1663 1699 1731 00&
1731 1668 1793 1716 in
1817 1668 2065 1716 termino
2096 1669 2167 1724 d,
2200 1665 2250 1715 8(
2272 1664 2370 1715 Sol

179 1740 294 1804 ipse
328 1740 537 1791 eodem
569 1754 730 1790 anno
769 1741 825 1798 [l
847 1740 886 1799 (ζ
916 1738 1018 1789 1113
1051 1736 1365 1789 (111οἂ10110
1399 1740 1621 1801 attingit
1654 1737 1969 1787 constitutae
2000 1739 2061 1786 in
2091 1736 2149 1786 6³
2176 1736 2368 1786 domo,

179 1812 353 1864 Unde
387 1813 564 1861 etiam
596 1810 926 1861 discrimina
957 1811 1092 1860 vitae
1121 1809 1172 1860 8(
1197 1808 1549 1859 valetudinis
1582 1808 2023 1873 portenduntur,
2056 1806 2370 1869 praesertim

180 1885 316 1947 qvia
345 1881 445 1934 Sol
473 1880 710 1945 Apheta
739 1880 1051 1932 occiduum
1081 1880 1380 1931 cardinem
1409 1878 1521 1930 hoc
1550 1885 1811 1942 tempore
1840 1881 1993 1941 petit,
2028 1877 2180 1940 qvod
2205 1879 2371 1941 juxta

179 1953 485 2005 Ptolomaei
510 1952 854 2003 sententiam
879 1951 1169 2002 funestum
1190 1951 1285 2010 est;
1315 1953 1450 2014 qvia
1475 1956 1674 2001 tamen
1695 1949 1841 2000 radii
1862 1948 2265 2001 intercidentes
2287 1963 2369 1997 re-

179 2040 410 2076 moram
431 2023 690 2087 aliqvam
710 2022 946 2081 faciunt,
969 2022 1039 2073 de
1061 2021 1152 2072 his
1172 2021 1368 2085 postea
1388 2021 1593 2072 dicam.

250 2097 430 2146 Anno
457 2095 616 2145 XLV
641 2099 677 2153 Ω
707 2092 1022 2145 directione
1050 2092 1327 2144 conversa
1355 2094 1576 2156 attingit
1598 2094 1652 2149 Δ
1681 2090 1714 2153 b
1738 2093 1800 2141 in
1820 2091 1879 2142 8³
1906 2090 2098 2148 dom0‚
2128 2089 2279 2151 qvod
2302 2104 2372 2138 ex

178 2166 292 2218 bile
319 2172 446 2218 atra
468 2165 821 2216 valetudinis
847 2164 1106 2227 aliqvam
1133 2163 1540 2215 alterationem
1567 2161 1801 2213 causare
1828 2160 2019 2224 potest,
2049 2162 2183 2223 qvia
2209 2164 2243 2217 Q
2268 2159 2373 2209 fuit

179 2241 241 2289 in
260 2239 546 2302 principio
567 2239 629 2287 in
650 2235 889 2287 antiscia
908 2235 964 2299 ’ω
986 2235 1081 2286 sed
1099 2235 1297 2286 radius
1318 2233 1413 2285 hic
1433 2249 1536 2297 per
1556 2233 1610 2284 se
1626 2248 1749 2283 non
1764 2232 1838 2282 est
1852 2230 2194 2289 malevolus,
2217 2230 2372 2280 unde

179 2312 376 2360 minus
396 2314 582 2358 nocet.

250 2380 431 2430 Anno
452 2378 665 2429 XLVII
686 2380 910 2442 attingit
926 2379 965 2438 ζ(
984 2377 1282 2428 cardinem
1301 2375 1628 2434 occiduum,
1646 2374 1696 2425 8(
1712 2389 1870 2425 311110
1886 2372 2074 2423 XLIX
2090 2387 2298 2435 corpus
2319 2372 2372 2430 Q,

179 2451 337 2502 unde
369 2452 723 2500 mutationes
757 2448 808 2499 8(
841 2448 1171 2499 (1110111111113
1202 2463 1270 2498 30
1304 2442 1322 2514 ΙΙ
1356 2447 1571 2498 dissidia
1602 2444 2029 2510 portenduntur
2060 2442 2375 2506 praesertim

180 2521 353 2573 causa
372 2519 705 2571 mulierum.

250 2593 431 2643 Anno
453 2591 553 2642 LII
576 2591 746 2642 Luna
771 2605 874 2654 per
896 2587 1273 2641 directionem
1294 2588 1633 2640 conversam
1655 2589 1875 2650 attingit
1897 2600 2106 2648 corpus
2126 2583 2162 2647 b
2183 2624 2193 2641 ‚
2222 2584 2374 2646 qvod

180 2678 418 2728 gravem
437 2661 788 2713 valetudinis
814 2660 1221 2712 alterationem
1248 2675 1320 2710 ex
1346 2659 1693 2710 humoribus
1719 2655 2157 2708 melancholicis
2179 2654 2229 2705 &
2251 2660 2376 2704 atra

179 2734 294 2785 bile
314 2733 621 2798 portendit,
642 2735 950 2795 variasqve
972 2734 1156 2783 animi
1176 2731 1641 2794 perturbationes
1657 2729 2015 2790 tristitiasqve
2031 2725 2217 2784 affert3
2242 2727 2375 2788 qvia

180 2812 380 2856 tamen
395 2805 565 2855 Luna
578 2818 857 2868 magnam
873 2802 1351 2867 fignificationem
1365 2801 1716 2864 Apheticam
1731 2815 1853 2850 non
1867 2798 2057 2856 habet,
2075 2797 2125 2847 8(
2140 2794 2374 2846 directio

181 2876 310 2927 haec
330 2875 394 2926 fit
413 2878 476 2926 in
494 2877 744 2926 termino
765 2873 1012 2925 benefici
1031 2878 1090 2932 ²4,
1118 2888 1254 2924 cum
1280 2872 1517 2924 antiscia
1543 2876 1578 2930 Q
1603 2875 1999 2927 concurrente,
2027 2869 2234 2931 poterit
2253 2882 2373 2916 ma-

181 2947 307 2998 lum
326 2945 439 2997 hoc
461 2946 726 2997 evadere.

252 3018 433 3068 Anno
461 3016 587 3067 LVI
615 3015 715 3068 Sol
742 3014 1079 3080 principalis
1109 3014 1324 3078 apheta
1352 3013 1454 3064 sua
1484 3010 1797 3064 directione
1825 3012 2046 3073 attingit
2072 3022 2280 3071 corpus
2318 3011 2364 3064 ὅ

183 3094 442 3140 anaretae
463 3088 688 3138 domini
708 3086 958 3138 occasus,
981 3086 1155 3137 Unde
1176 3100 1350 3149 grave
1372 3084 1675 3135 discrimen
1689 3085 1823 3132 vitae
1845 3084 1996 3132 circa
2015 3079 2126 3129 hoc
2147 3085 2374 3140 tempus

183 3159 561 3223 portenditur,
589 3173 696 3209 nec
716 3156 969 3208 multum
988 3156 1244 3220 proderit
1263 3155 1570 3219 praesentia
1594 3159 1650 3213 Q,
1680 3168 1814 3204 cum
1839 3151 1901 3202 fit
1925 3151 2165 3202 domina
2184 3149 2254 3199 8ae
2276 3148 2372 3198 do-

183 3245 316 3281 mus
338 3229 389 3280 8(
409 3228 647 3280 antiscia
671 3227 707 3292 b
731 3230 1041 3278 intervenit
1060 3227 1245 3278 statim
1264 3226 1505 3289 seqvens
1527 3240 1736 3288 corpus
1768 3227 1840 3281 d.
1871 3222 2179 3273 Concurrit
2200 3221 2374 3268 etiam

184 3303 336 3351 circa
355 3299 468 3351 hoc
489 3300 645 3350 idem
664 3305 894 3362 tempus
914 3297 1208 3350 malevola
1229 3295 1464 3348 direc'tio
1486 3298 1754 3347 omnium
1774 3293 1892 3359 fere
1920 3292 2171 3343 aliorum
2198 3288 2371 3351 aphe-

325 3381 393 3416 25*
2183 3366 2373 3410 tarum
