2678 4069
237 178 540 232 XXXVIII
776 166 1439 222 PROLEGOMENA
1466 163 1867 215 EDITORIS

236 320 358 359 dum
382 326 509 367 quas
531 323 754 364 corpora
775 310 1067 356 moventur,
1097 316 1285 358 parum
1307 302 1540 356 cognitas
1562 301 1734 351 fuisse,
1758 304 1807 343 et
1827 301 1860 343 ii
1882 312 2106 354 quoque,
2134 300 2219 354 qui
2239 300 2413 342 Terrae

235 389 435 428 motum
452 381 812 429 defendebant,
831 375 1255 419 adversariorum
1271 372 1665 427 objectionibus,
1683 384 1802 425 quae
1816 371 1967 414 nobis
1981 382 2119 413 nunc
2134 371 2414 413 levissimae

235 467 344 497 esse
366 454 617 501 videntur,
642 450 947 502 argumenta
967 457 1109 498 saepe
1126 443 1463 498 opponebant
1477 454 1583 484 non
1598 442 1833 484 meliora.
1857 442 2011 492 Quod
2025 441 2218 495 saepius
2234 440 2416 483 affere-

234 527 398 574 batur,
426 523 598 563 Terrae
625 518 1004 561 revolutionem
1031 515 1273 557 diurnam
1293 516 1509 555 ventum
1530 512 2052 555 vehementissimum
2074 511 2415 564 omniumque

233 595 434 636 ruinam
463 594 775 638 creaturam,
802 588 840 629 T
842 586 1038 640 ychoni
1065 585 1275 639 quidem
1302 584 1408 626 risu
1435 583 1647 637 dignum
1674 594 1788 625 esse
1814 582 2106 633 videbatur,
2141 582 2233 624 sed
2259 582 2414 636 vulgo

231 670 406 706 tamen
429 664 704 713 acceptum
726 661 852 708 erat,
883 668 1106 710 quaeque
1132 656 1251 697 inde
1276 654 1486 708 templis
1513 654 1756 696 domibus
1783 653 2090 705 miserisque
2117 663 2301 694 earum
2328 651 2416 694 ha-

233 733 536 777 bitatoribus
570 730 681 772 dira
715 730 1063 771 consecutura
1096 728 1283 775 essent,
1325 724 1658 767 GEORGIUS
1691 723 2083 773 BUCHANAN,
2117 723 2197 764 vir
2229 722 2416 765 Scotus

231 806 430 853 doctus,
459 805 508 843 et
530 800 614 853 qui
634 800 684 841 in
705 799 779 840 rei
799 798 1024 852 publicae
1045 796 1420 851 gubernatione
1441 796 1618 838 locum
1641 795 1909 836 excelsum
1934 796 2151 843 teneret,
2178 793 2416 835 versibus

230 871 545 915 hexametris
567 871 637 912 ita
658 869 979 922 depinxerat,
1004 867 1152 921 quasi
1166 867 1280 921 ipsa
1295 878 1378 908 res
1394 869 1648 920 ageretur.
1672 865 1773 907 Sed
1788 864 1996 918 gravius
2013 864 2264 917 quiddam
2280 863 2417 905 obici

230 946 447 998 poterat,
483 941 566 983 cui
597 952 661 982 ne
696 939 938 981 acerrimi
971 939 1182 991 quidem
1209 936 1553 991 Copernicani
1585 935 1710 978 satis
1742 935 2062 988 respondere
2094 937 2330 988 possent:
2366 934 2417 976 Si

228 1015 384 1056 Terra
399 1014 714 1062 moveretur,
732 1010 990 1063 sagittam,
1008 1021 1127 1062 quae
1142 1020 1351 1051 sursum
1367 1007 1558 1050 emissa
1574 1009 1710 1049 esset
1725 1006 1792 1047 ad
1807 1005 2254 1059 perpendiculum,
2271 1017 2417 1047 num-

229 1096 387 1138 quam
407 1084 458 1124 in
479 1082 703 1124 eundem
724 1081 917 1130 locum,
939 1080 1032 1122 sed
1052 1079 1103 1121 in
1123 1080 1302 1121 locum
1322 1078 1498 1120 multis
1519 1077 1745 1119 millibus
1763 1076 2044 1118 distantem
2060 1076 2251 1118 cadere
2267 1087 2417 1129 opor-

226 1159 349 1197 tere.
377 1153 513 1195 Nam
535 1152 577 1194 si
598 1154 782 1194 contra
804 1150 1079 1201 diceretur,
1109 1153 1287 1192 aerem
1309 1160 1517 1203 quoque
1539 1159 1661 1190 cum
1681 1147 1842 1190 Terra
1862 1146 2067 1189 moveri
2088 1158 2150 1189 ac
2171 1146 2416 1200 sagittam

227 1237 407 1268 secum
430 1235 597 1278 agere,
620 1223 693 1264 sic
715 1221 1054 1275 responderet
1076 1220 1431 1263 adversarius:
1459 1220 1667 1269 Aerem,
1697 1217 1902 1260 etiamsi
1921 1217 2126 1260 moveri
2146 1220 2419 1270 putaretur

227 1296 404 1351 (quam
433 1297 609 1336 autem
637 1304 855 1335 causam
883 1292 1100 1346 cogitari
1127 1302 1297 1345 posse,
1327 1302 1421 1333 cur
1446 1288 1813 1345 moveretur?),
1842 1289 2007 1330 multo
2034 1288 2234 1330 tardius
2256 1299 2417 1341 quam

226 1367 440 1408 Terram
456 1364 658 1407 moveri
674 1366 932 1417 oportere,
957 1363 1206 1416 quoniam
1226 1364 1415 1403 natura
1431 1372 1493 1403 ac
1509 1360 1742 1414 pondere
1756 1359 1877 1401 huic
1894 1358 2267 1401 dissimillimus
2282 1361 2418 1401 esset

226 1435 771 1492 (animadvertendum
793 1437 884 1483 est,
911 1437 1031 1476 ante
1053 1433 1256 1475 Galilaei
1276 1435 1492 1474 aetatem
1512 1431 1777 1473 neminem
1799 1430 2081 1480 dubitasse,
2111 1429 2233 1482 quin
2254 1429 2418 1483 gravi-

228 1519 322 1550 ora
349 1518 575 1560 corpora
601 1505 882 1548 levioribus
910 1504 1129 1546 celerius
1157 1503 1445 1559 caderent);
1477 1502 1652 1555 itaque
1679 1502 1838 1544 etiam
1867 1501 1971 1543 hoc
1999 1511 2272 1551 concesso,
2304 1499 2417 1542 fore

227 1582 282 1620 ut
302 1578 488 1631 sagitta
508 1577 732 1618 multum
753 1575 1146 1628 relinqueretur,
1176 1574 1469 1627 eademque
1491 1573 1555 1615 de
1576 1584 1755 1623 causa,
1785 1572 1871 1625 qui
1890 1572 1942 1613 in
1964 1572 2070 1613 alta
2088 1571 2219 1613 turri
2238 1574 2415 1621 staret,

229 1652 442 1690 ventum
463 1648 831 1689 vehementem
853 1658 1063 1699 semper
1082 1657 1359 1688 sensurum
1380 1655 1509 1686 esse.
1534 1644 1665 1685 Item
1686 1643 1729 1685 si
1749 1643 1862 1696 quis
1884 1643 1948 1685 de
1969 1654 2180 1684 summa
2199 1642 2330 1684 turri
2349 1643 2419 1683 la-

228 1720 402 1773 pidem
430 1718 739 1767 demitteret,
767 1729 1058 1770 numquam
1086 1717 1225 1758 hunc
1254 1716 1321 1757 ad
1348 1716 1525 1757 locum
1551 1714 1743 1765 Terrae,
1773 1714 1859 1767 qui
1885 1714 2084 1756 directo
2111 1713 2246 1755 infra
2271 1713 2416 1754 illum

229 1793 379 1839 esset,
401 1790 539 1830 unde
561 1789 792 1843 dejectus
813 1790 964 1838 esset,
987 1787 1260 1841 pervenire
1275 1797 1445 1840 posse.
1469 1785 1651 1838 Neque
1666 1785 1805 1827 enim
1821 1787 2016 1835 aerem,
2040 1785 2082 1827 si
2096 1787 2415 1834 moveretur,

229 1860 456 1913 lapidem
489 1860 846 1913 ponderosum
879 1858 1067 1899 eadem
1100 1857 1379 1900 velocitate
1412 1868 1594 1899 secum
1627 1855 1763 1898 ferre
1796 1867 1975 1909 posse;
2009 1855 2238 1909 lapidem
2271 1866 2415 1906 vero,

229 1931 434 1973 etiamsi
454 1930 745 1972 secundum
766 1932 1010 1970 naturam
1033 1940 1200 1979 suam,
1223 1928 1356 1970 sicut
1375 1928 1607 1977 Terram,
1637 1938 1730 1980 per
1750 1926 2006 1969 circulum
2027 1926 2231 1969 moveri
2251 1925 2418 1967 existi-

230 2001 365 2043 mari
384 2004 576 2054 posset,
606 2000 793 2042 eadem
812 2002 992 2041 tamen
1013 1999 1291 2041 velocitate
1312 1998 1516 2041 moveri
1536 2009 1641 2040 non
1661 2009 1833 2051 posse,
1862 1997 2113 2050 quoniam
2132 1997 2292 2038 Terra
2314 1996 2418 2049 qui-

231 2072 351 2114 dem
377 2073 496 2113 loco
524 2082 618 2113 suo
647 2070 871 2112 naturali
897 2073 1049 2120 esset,
1077 2070 1207 2123 lapis
1234 2081 1362 2111 vero
1389 2069 1440 2110 in
1465 2069 1643 2110 locum
1671 2080 1825 2110 suum
1851 2069 2148 2110 naturalem
2176 2067 2416 2109 cadendo

230 2142 501 2196 pervenire
522 2142 785 2191 niteretur,
807 2144 864 2182 ut
885 2143 1220 2183 concesserat
1240 2140 1351 2193 ipse
1373 2139 1691 2193 Copernicus
1712 2139 1795 2180 lib.
1821 2139 1840 2179 I
1863 2150 1977 2192 cap.
2001 2138 2042 2180 8.

291 2212 424 2254 Huic
453 2211 731 2266 objectioni
759 2214 877 2253 ante
899 2211 1101 2253 Galilaei
1127 2213 1341 2253 aetatem
1368 2221 1525 2252 nemo
1547 2209 1655 2251 fere
1677 2209 2160 2263 Copernicanorum
2181 2211 2323 2251 recte
2344 2220 2419 2251 re-

231 2283 488 2336 spondere
515 2285 736 2336 poterat,
765 2285 815 2323 et
842 2293 996 2334 aequa
1024 2281 1343 2324 obscuritate
1365 2281 1570 2333 utrique
1592 2281 1780 2322 eadem
1801 2280 2154 2334 proferebant,
2184 2280 2306 2333 quid
2332 2291 2419 2321 na-

230 2354 396 2395 turale
417 2354 499 2395 vel
526 2364 631 2395 non
657 2352 894 2394 naturale
921 2355 1058 2394 esset
1082 2355 1138 2393 ut
1166 2352 1410 2405 quodque
1437 2362 1630 2404 corpus
1657 2350 1870 2401 faceret,
1899 2351 2032 2393 sicut
2057 2354 2177 2393 ante
2196 2350 2312 2392 2000
2333 2363 2419 2392 an-

232 2435 419 2466 norum
434 2424 737 2465 Aristoteles
758 2423 1131 2476 disputaverat.
1156 2422 1272 2464 Hoc
1295 2425 1662 2476 argumentum
1681 2433 1708 2463 e
1726 2422 1898 2475 lapide
1919 2422 2127 2464 cadenti
2148 2424 2418 2475 sumptum

232 2494 394 2536 refelli
414 2505 519 2536 non
540 2505 695 2547 posse
708 2494 747 2534 T
749 2493 889 2546 ycho
911 2493 1277 2543 contendebat,
1301 2493 1393 2534 sed
1413 2492 1714 2534 mirandum
1736 2495 1829 2544 est,
1852 2504 1917 2534 ne
1937 2492 2058 2535 huic
2081 2493 2308 2546 quidem,
2332 2492 2419 2545 qui

233 2568 567 2606 astronomos
594 2564 807 2606 doceret
832 2564 970 2617 leges
996 2566 1236 2605 motuum
1263 2564 1594 2617 planetarum
1621 2574 1715 2616 per
1740 2563 2137 2606 observationes
2162 2574 2416 2616 quaerere,

231 2635 283 2676 in
311 2637 542 2676 mentem
572 2634 776 2676 venisse
805 2634 908 2676 hoc
939 2634 1355 2687 experimentum
1385 2633 1606 2687 simplex
1636 2633 1827 2683 facere,
1858 2637 1915 2675 ut
1944 2634 2008 2676 de
2037 2645 2249 2676 summo
2274 2634 2417 2676 malo

232 2705 420 2759 navigii
449 2705 686 2746 celeriter
714 2704 881 2746 euntis
910 2716 1135 2757 parvum
1164 2704 1393 2757 lapidem
1423 2703 1738 2754 demitteret,
1773 2704 1913 2756 quod
1947 2704 2212 2746 multoties
2241 2704 2417 2747 facere

233 2775 412 2828 potuit,
442 2786 564 2817 cum
584 2775 717 2816 inter
735 2774 961 2816 insulam
983 2786 1135 2816 suam
1156 2775 1376 2827 fretique
1397 2775 1537 2828 ripas
1557 2776 1694 2817 ultro
1715 2775 1951 2828 citroque
1977 2775 2261 2829 navigaret.
2291 2775 2418 2817 Con-

231 2845 394 2887 tendit
420 2845 578 2887 nihilo
605 2845 776 2887 minus
802 2844 871 2899 (in
898 2845 1235 2887 annotatione
1256 2845 1382 2887 satis
1402 2846 1571 2898 longa,
1599 2857 1759 2898 quam
1781 2845 2011 2899 epistulis
2033 2858 2064 2887 a
2085 2845 2417 2887 Rothmanno

234 2915 463 2968 acceptis
490 2916 762 2968 eidemque
791 2915 925 2957 datis
953 2915 1218 2971 adjunxit),
1250 2916 1463 2969 globum
1491 2927 1522 2957 a
1549 2919 1818 2958 constrato
1845 2916 2010 2966 navis,
2043 2928 2161 2968 quae
2191 2916 2242 2958 in
2268 2919 2417 2958 motu

233 2986 311 3035 sit,
334 2997 542 3027 sursum
565 2986 831 3036 emissum,
853 2996 958 3027 non
980 2986 1193 3036 directo,
1216 2989 1272 3027 ut
1293 2986 1506 3039 quidam
1528 2986 1838 3037 existiment,
1861 2987 1952 3028 sed
1972 2989 2168 3039 quanto
2183 2983 2417 3028 velocius

233 3056 381 3098 navis
401 3060 694 3106 moveatur,
717 3067 779 3098 eo
794 3056 994 3109 longius
1009 3059 1127 3109 post
1142 3067 1261 3098 eam
1277 3067 1526 3098 casurum
1541 3068 1671 3099 esse.
1695 3056 1799 3099 Etsi
1813 3057 1877 3098 de
1893 3057 2274 3112 conjunctione,
2298 3069 2417 3110 quae

233 3126 365 3168 inter
394 3126 709 3179 quaestiones
739 3127 977 3168 caelestes
1004 3129 1054 3167 et
1078 3129 1350 3168 terrestres
1379 3126 1426 3181 (i.
1455 3138 1498 3168 e.
1528 3126 1815 3182 chemicas)
1844 3130 1995 3178 esset,
2026 3128 2168 3180 loqui
2197 3127 2415 3177 solebat,

233 3196 385 3251 hujus
406 3197 675 3239 sententiae
697 3196 972 3238 veritatem
993 3196 1351 3250 experimento
1373 3208 1478 3239 non
1499 3197 1806 3251 exploravit.
