<?xml version="1.0" encoding="UTF-8"?>
<!DOCTYPE html PUBLIC "-//W3C//DTD XHTML 1.0 Transitional//EN"
    "http://www.w3.org/TR/xhtml1/DTD/xhtml1-transitional.dtd">
<html xmlns="http://www.w3.org/1999/xhtml" xml:lang="en" lang="en">
 <head>
  <title>
</title>
<meta http-equiv="Content-Type" content="text/html;charset=utf-8" />
  <meta name='ocr-system' content='tesseract 3.04.00' />
  <meta name='ocr-capabilities' content='ocr_page ocr_carea ocr_par ocr_line ocrx_word'/>
</head>
<body>
  <div class='ocr_page' id='page_1' title='image "./operaomniaedidit01brahuoft/operaomniaedidit01brahuoft_0397.png"; bbox 0 0 2678 4069; ppageno 0'>
   <div class='ocr_carea' id='block_1_1' title="bbox 462 355 2400 570">
    <p class='ocr_par' dir='ltr' id='par_1_1' title="bbox 462 355 2400 570">
     <span class='ocr_line' id='line_1_1' title="bbox 462 355 2275 468; baseline -0.003 -19"><span class='ocrx_word' id='word_1_1' title='bbox 462 359 802 468; x_wconf 89' lang='lat' dir='ltr'>QUAE</span> <span class='ocrx_word' id='word_1_2' title='bbox 844 359 1286 448; x_wconf 88' lang='lat' dir='ltr'>PRIMO</span> <span class='ocrx_word' id='word_1_3' title='bbox 1330 358 1746 448; x_wconf 90' lang='lat' dir='ltr'>TOMO</span> <span class='ocrx_word' id='word_1_4' title='bbox 1796 355 2275 447; x_wconf 91' lang='lat' dir='ltr'>CONTI-</span> 
     </span>
     <span class='ocr_line' id='line_1_2' title="bbox 1067 475 2400 570; baseline -0.004 -5"><span class='ocrx_word' id='word_1_5' title='bbox 1067 475 1677 565; x_wconf 89' lang='lat' dir='ltr'><strong>NENTUR.</strong></span> <span class='ocrx_word' id='word_1_6' title='bbox 2309 527 2400 570; x_wconf 83' lang='lat' dir='ltr'>Pag.</span> 
     </span>
    </p>
   </div>
   <div class='ocr_carea' id='block_1_2' title="bbox 273 586 2478 1918">
    <p class='ocr_par' dir='ltr' id='par_1_2' title="bbox 273 586 2463 924">
     <span class='ocr_line' id='line_1_3' title="bbox 274 586 2460 642; baseline -0.002 -1"><span class='ocrx_word' id='word_1_7' title='bbox 274 589 545 642; x_wconf 87' lang='lat' dir='ltr'>Praefatio</span> <span class='ocrx_word' id='word_1_8' title='bbox 567 590 866 642; x_wconf 86' lang='lat' dir='ltr'>Societatis</span> <span class='ocrx_word' id='word_1_9' title='bbox 873 630 2178 642; x_wconf 91' lang='grc'><strong>......................................</strong></span> <span class='ocrx_word' id='word_1_10' title='bbox 2331 586 2460 637; x_wconf 93' lang='lat' dir='ltr'>I-III</span> 
     </span>
     <span class='ocr_line' id='line_1_4' title="bbox 273 657 2461 725; baseline -0.002 -13"><span class='ocrx_word' id='word_1_11' title='bbox 273 661 697 725; x_wconf 90' lang='lat' dir='ltr'>Prolegomena</span> <span class='ocrx_word' id='word_1_12' title='bbox 717 661 966 712; x_wconf 91' lang='lat' dir='ltr'>Editoris</span> <span class='ocrx_word' id='word_1_13' title='bbox 985 700 2177 712; x_wconf 90' lang='grc'><strong>...................................</strong></span> <span class='ocrx_word' id='word_1_14' title='bbox 2253 657 2461 708; x_wconf 92' lang='lat' dir='ltr'>V-LIX</span> 
     </span>
     <span class='ocr_line' id='line_1_5' title="bbox 275 728 2462 794; baseline -0.002 -11"><span class='ocrx_word' id='word_1_15' title='bbox 275 732 368 783; x_wconf 95' lang='lat' dir='ltr'>De</span> <span class='ocrx_word' id='word_1_16' title='bbox 388 747 548 783; x_wconf 89' lang='lat' dir='ltr'>nova</span> <span class='ocrx_word' id='word_1_17' title='bbox 568 731 747 783; x_wconf 84' lang='lat' dir='ltr'>Stella</span> <span class='ocrx_word' id='word_1_18' title='bbox 769 731 938 794; x_wconf 90' lang='lat'>(1573)</span> <span class='ocrx_word' id='word_1_19' title='bbox 974 771 2177 782; x_wconf 89' lang='grc'><strong>...................................</strong></span> <span class='ocrx_word' id='word_1_20' title='bbox 2348 728 2462 779; x_wconf 84' lang='grc'>1-72</span> 
     </span>
     <span class='ocr_line' id='line_1_6' title="bbox 275 799 2463 867; baseline -0.002 -14"><span class='ocrx_word' id='word_1_21' title='bbox 275 802 647 867; x_wconf 84' lang='lat' dir='ltr'>Appendices</span> <span class='ocrx_word' id='word_1_22' title='bbox 669 803 743 853; x_wconf 92' lang='lat' dir='ltr'>ad</span> <span class='ocrx_word' id='word_1_23' title='bbox 763 802 977 853; x_wconf 92' lang='lat' dir='ltr'>librum</span> <span class='ocrx_word' id='word_1_24' title='bbox 998 802 1089 853; x_wconf 91' lang='lat' dir='ltr'>De</span> <span class='ocrx_word' id='word_1_25' title='bbox 1111 818 1268 853; x_wconf 86' lang='lat' dir='ltr'>nova</span> <span class='ocrx_word' id='word_1_26' title='bbox 1289 802 1465 853; x_wconf 82' lang='lat' dir='ltr'>Stella</span> <span class='ocrx_word' id='word_1_27' title='bbox 1484 804 1835 865; x_wconf 85' lang='lat' dir='ltr'>pertinentes</span> <span class='ocrx_word' id='word_1_28' title='bbox 1856 841 2179 850; x_wconf 92' lang='grc'><strong>..........</strong></span> <span class='ocrx_word' id='word_1_29' title='bbox 2278 799 2463 850; x_wconf 86' lang='grc'>73-142</span> 
     </span>
     <span class='ocr_line' id='line_1_7' title="bbox 408 870 2462 924; baseline -0.002 0"><span class='ocrx_word' id='word_1_30' title='bbox 408 874 448 924; x_wconf 93' lang='grc' dir='ltr'>Ι.</span> <span class='ocrx_word' id='word_1_31' title='bbox 489 873 764 924; x_wconf 90' lang='lat' dir='ltr'>Diarium</span> <span class='ocrx_word' id='word_1_32' title='bbox 785 876 927 924; x_wconf 91' lang='lat' dir='ltr'>anni</span> <span class='ocrx_word' id='word_1_33' title='bbox 948 873 1074 924; x_wconf 83' lang='lat'>1573</span> <span class='ocrx_word' id='word_1_34' title='bbox 1120 911 2180 923; x_wconf 90' lang='grc'><strong>...............................</strong></span> <span class='ocrx_word' id='word_1_35' title='bbox 2396 870 2462 920; x_wconf 89' lang='grc'>75</span> 
     </span>
    </p>

    <p class='ocr_par' dir='ltr' id='par_1_3' title="bbox 278 942 2474 1574">
     <span class='ocr_line' id='line_1_8' title="bbox 382 942 2184 1005; baseline -0.003 -10"><span class='ocrx_word' id='word_1_36' title='bbox 382 944 449 995; x_wconf 94' lang='grc' dir='ltr'>ΙΙ.</span> <span class='ocrx_word' id='word_1_37' title='bbox 489 944 836 994; x_wconf 89' lang='lat' dir='ltr'>Additiones</span> <span class='ocrx_word' id='word_1_38' title='bbox 851 944 925 995; x_wconf 91' lang='lat' dir='ltr'>ad</span> <span class='ocrx_word' id='word_1_39' title='bbox 941 946 1495 994; x_wconf 83' lang='lat' dir='ltr'>commentationem</span> <span class='ocrx_word' id='word_1_40' title='bbox 1510 943 1601 993; x_wconf 93' lang='lat' dir='ltr'>De</span> <span class='ocrx_word' id='word_1_41' title='bbox 1617 942 1828 1005; x_wconf 90' lang='lat' dir='ltr'>Eclipsi</span> <span class='ocrx_word' id='word_1_42' title='bbox 1843 942 2027 992; x_wconf 86' lang='lat' dir='ltr'>Lunae</span> <span class='ocrx_word' id='word_1_43' title='bbox 2043 943 2184 991; x_wconf 91' lang='lat' dir='ltr'>anni</span> 
     </span>
     <span class='ocr_line' id='line_1_9' title="bbox 355 1081 2465 1149; baseline -0.003 -13"><span class='ocrx_word' id='word_1_44' title='bbox 355 1086 450 1136; x_wconf 96' lang='lat' dir='ltr'>III.</span> <span class='ocrx_word' id='word_1_45' title='bbox 492 1085 778 1148; x_wconf 85' lang='lat' dir='ltr'>Excerpta</span> <span class='ocrx_word' id='word_1_46' title='bbox 803 1084 1099 1149; x_wconf 88' lang='lat' dir='ltr'>Tychonis</span> <span class='ocrx_word' id='word_1_47' title='bbox 1130 1101 1202 1136; x_wconf 84' lang='lat' dir='ltr'>ex</span> <span class='ocrx_word' id='word_1_48' title='bbox 1231 1085 1430 1135; x_wconf 93' lang='lat' dir='ltr'>litteris</span> <span class='ocrx_word' id='word_1_49' title='bbox 1460 1084 1833 1148; x_wconf 91' lang='lat' dir='ltr'>quorundam</span> <span class='ocrx_word' id='word_1_50' title='bbox 1860 1085 2185 1133; x_wconf 92' lang='lat' dir='ltr'>amicorum</span> <span class='ocrx_word' id='word_1_51' title='bbox 2387 1081 2465 1130; x_wconf 90' lang='lat'>141</span> 
     </span>
     <span class='ocr_line' id='line_1_10' title="bbox 278 1151 2466 1220; baseline -0.003 -12"><span class='ocrx_word' id='word_1_52' title='bbox 278 1157 370 1208; x_wconf 90' lang='lat' dir='ltr'>De</span> <span class='ocrx_word' id='word_1_53' title='bbox 392 1155 711 1220; x_wconf 92' lang='lat' dir='ltr'>disciplinis</span> <span class='ocrx_word' id='word_1_54' title='bbox 731 1155 1159 1207; x_wconf 85' lang='lat' dir='ltr'>mathematicis</span> <span class='ocrx_word' id='word_1_55' title='bbox 1181 1155 1386 1207; x_wconf 84' lang='lat' dir='ltr'>Oratio</span> <span class='ocrx_word' id='word_1_56' title='bbox 1410 1154 1579 1218; x_wconf 90' lang='lat'>(1574)</span> <span class='ocrx_word' id='word_1_57' title='bbox 1617 1193 2183 1204; x_wconf 90' lang='grc'><strong>.................</strong></span> <span class='ocrx_word' id='word_1_58' title='bbox 2259 1151 2466 1202; x_wconf 85' lang='grc'>143-173</span> 
     </span>
     <span class='ocr_line' id='line_1_11' title="bbox 278 1221 2468 1291; baseline -0.003 -12"><span class='ocrx_word' id='word_1_59' title='bbox 278 1227 593 1291; x_wconf 87' lang='lat' dir='ltr'>Appendix</span> <span class='ocrx_word' id='word_1_60' title='bbox 602 1227 677 1278; x_wconf 93' lang='lat' dir='ltr'>ad</span> <span class='ocrx_word' id='word_1_61' title='bbox 687 1227 1033 1278; x_wconf 88' lang='lat' dir='ltr'>Orationem</span> <span class='ocrx_word' id='word_1_62' title='bbox 1045 1227 1115 1278; x_wconf 91' lang='lat' dir='ltr'>de</span> <span class='ocrx_word' id='word_1_63' title='bbox 1128 1226 1444 1289; x_wconf 92' lang='lat' dir='ltr'>disciplinis</span> <span class='ocrx_word' id='word_1_64' title='bbox 1455 1225 1881 1277; x_wconf 86' lang='lat' dir='ltr'>mathematicis</span> <span class='ocrx_word' id='word_1_65' title='bbox 1892 1226 2186 1287; x_wconf 91' lang='lat' dir='ltr'>pertinens</span> <span class='ocrx_word' id='word_1_66' title='bbox 2260 1221 2468 1273; x_wconf 90' lang='lat'>175-178</span> 
     </span>
     <span class='ocr_line' id='line_1_12' title="bbox 351 1293 2469 1362; baseline -0.003 -13"><span class='ocrx_word' id='word_1_67' title='bbox 351 1298 701 1362; x_wconf 82' lang='lat' dir='ltr'>Astrologiae</span> <span class='ocrx_word' id='word_1_68' title='bbox 722 1297 1189 1361; x_wconf 84' lang='lat' dir='ltr'>meteorologieae</span> <span class='ocrx_word' id='word_1_69' title='bbox 1210 1297 1599 1361; x_wconf 86' lang='lat' dir='ltr'>fragmentum</span> <span class='ocrx_word' id='word_1_70' title='bbox 1621 1335 2187 1347; x_wconf 88' lang='grc'><strong>.................</strong></span> <span class='ocrx_word' id='word_1_71' title='bbox 2379 1293 2469 1343; x_wconf 93' lang='grc'>177</span> 
     </span>
     <span class='ocr_line' id='line_1_13' title="bbox 281 1362 2472 1433; baseline -0.003 -13"><span class='ocrx_word' id='word_1_72' title='bbox 281 1370 668 1433; x_wconf 90' lang='lat' dir='ltr'>Horoscopus</span> <span class='ocrx_word' id='word_1_73' title='bbox 689 1369 970 1432; x_wconf 91' lang='lat' dir='ltr'>Principis</span> <span class='ocrx_word' id='word_1_74' title='bbox 992 1368 1312 1419; x_wconf 89' lang='lat' dir='ltr'>Christiani</span> <span class='ocrx_word' id='word_1_75' title='bbox 1336 1367 1505 1430; x_wconf 92' lang='lat'>(1577)</span> <span class='ocrx_word' id='word_1_76' title='bbox 1514 1406 2186 1418; x_wconf 86' lang='grc'><strong>....................</strong></span> <span class='ocrx_word' id='word_1_77' title='bbox 2252 1362 2472 1415; x_wconf 84' lang='grc'>179-208</span> 
     </span>
     <span class='ocr_line' id='line_1_14' title="bbox 281 1433 2474 1503; baseline -0.004 -12"><span class='ocrx_word' id='word_1_78' title='bbox 281 1441 669 1503; x_wconf 85' lang='lat' dir='ltr'>Horoscopus</span> <span class='ocrx_word' id='word_1_79' title='bbox 690 1440 971 1503; x_wconf 88' lang='lat' dir='ltr'>Principis</span> <span class='ocrx_word' id='word_1_80' title='bbox 993 1439 1303 1490; x_wconf 90' lang='lat' dir='ltr'>Huldarici</span> <span class='ocrx_word' id='word_1_81' title='bbox 1327 1437 1496 1501; x_wconf 85' lang='lat'>(1579)</span> <span class='ocrx_word' id='word_1_82' title='bbox 1511 1476 2187 1488; x_wconf 91' lang='grc'><strong>....................</strong></span> <span class='ocrx_word' id='word_1_83' title='bbox 2241 1433 2474 1485; x_wconf 87' lang='grc'>209-250</span> 
     </span>
     <span class='ocr_line' id='line_1_15' title="bbox 282 1504 2474 1574; baseline -0.004 -12"><span class='ocrx_word' id='word_1_84' title='bbox 282 1512 670 1574; x_wconf 92' lang='lat' dir='ltr'>Horoscopus</span> <span class='ocrx_word' id='word_1_85' title='bbox 690 1511 971 1573; x_wconf 90' lang='lat' dir='ltr'>Principis</span> <span class='ocrx_word' id='word_1_86' title='bbox 987 1509 1275 1571; x_wconf 90' lang='lat' dir='ltr'>Johannis</span> <span class='ocrx_word' id='word_1_87' title='bbox 1299 1509 1469 1572; x_wconf 87' lang='lat'>(1583)</span> <span class='ocrx_word' id='word_1_88' title='bbox 1478 1547 2188 1559; x_wconf 87' lang='grc'><strong>.....................</strong></span> <span class='ocrx_word' id='word_1_89' title='bbox 2253 1504 2474 1556; x_wconf 86' lang='lat'>251-280</span> 
     </span>
    </p>

    <p class='ocr_par' dir='ltr' id='par_1_4' title="bbox 282 1576 2478 1918">
     <span class='ocr_line' id='line_1_16' title="bbox 282 1576 2193 1646; baseline -0.004 -13"><span class='ocrx_word' id='word_1_90' title='bbox 282 1581 740 1646; x_wconf 89' lang='lat' dir='ltr'>Triangulorum</span> <span class='ocrx_word' id='word_1_91' title='bbox 754 1581 1074 1632; x_wconf 89' lang='lat' dir='ltr'>Planorum</span> <span class='ocrx_word' id='word_1_92' title='bbox 1093 1587 1147 1631; x_wconf 90' lang='lat' dir='ltr'>et</span> <span class='ocrx_word' id='word_1_93' title='bbox 1165 1580 1598 1644; x_wconf 86' lang='lat' dir='ltr'>Sphaericorum</span> <span class='ocrx_word' id='word_1_94' title='bbox 1613 1579 1813 1629; x_wconf 86' lang='lat' dir='ltr'>Praxis</span> <span class='ocrx_word' id='word_1_95' title='bbox 1830 1576 2193 1628; x_wconf 92' lang='lat' dir='ltr'>arithmetica</span> 
     </span>
     <span class='ocr_line' id='line_1_17' title="bbox 283 1716 2475 1789; baseline -0.005 -14"><span class='ocrx_word' id='word_1_96' title='bbox 283 1724 598 1789; x_wconf 87' lang='lat' dir='ltr'>Appendix</span> <span class='ocrx_word' id='word_1_97' title='bbox 620 1724 694 1774; x_wconf 91' lang='lat' dir='ltr'>ad</span> <span class='ocrx_word' id='word_1_98' title='bbox 715 1722 1170 1787; x_wconf 88' lang='lat' dir='ltr'>Triangulorum</span> <span class='ocrx_word' id='word_1_99' title='bbox 1191 1723 1406 1773; x_wconf 86' lang='lat' dir='ltr'>Praxin</span> <span class='ocrx_word' id='word_1_100' title='bbox 1425 1724 1723 1784; x_wconf 89' lang='lat' dir='ltr'>pertinens</span> <span class='ocrx_word' id='word_1_101' title='bbox 1762 1758 2191 1770; x_wconf 89' lang='grc'><strong>.............</strong></span> <span class='ocrx_word' id='word_1_102' title='bbox 2244 1716 2475 1767; x_wconf 86' lang='lat'>295-305</span> 
     </span>
     <span class='ocr_line' id='line_1_18' title="bbox 354 1787 2475 1858; baseline -0.005 -11"><span class='ocrx_word' id='word_1_103' title='bbox 354 1795 447 1846; x_wconf 91' lang='lat' dir='ltr'>De</span> <span class='ocrx_word' id='word_1_104' title='bbox 468 1794 803 1858; x_wconf 88' lang='lat' dir='ltr'>Triangulis</span> <span class='ocrx_word' id='word_1_105' title='bbox 825 1793 1136 1857; x_wconf 86' lang='lat' dir='ltr'>Sphaericis</span> <span class='ocrx_word' id='word_1_106' title='bbox 1159 1800 1212 1844; x_wconf 91' lang='lat' dir='ltr'>et</span> <span class='ocrx_word' id='word_1_107' title='bbox 1232 1793 1427 1843; x_wconf 90' lang='lat' dir='ltr'>Planis</span> <span class='ocrx_word' id='word_1_108' title='bbox 1451 1791 1620 1855; x_wconf 82' lang='lat'>(1599)</span> <span class='ocrx_word' id='word_1_109' title='bbox 1659 1828 2192 1841; x_wconf 89' lang='grc'><strong>................</strong></span> <span class='ocrx_word' id='word_1_110' title='bbox 2373 1787 2475 1837; x_wconf 88' lang='grc'>297</span> 
     </span>
     <span class='ocr_line' id='line_1_19' title="bbox 284 1856 2478 1918; baseline -0.005 0"><span class='ocrx_word' id='word_1_111' title='bbox 284 1867 720 1918; x_wconf 90' lang='lat' dir='ltr'>Annotationes</span> <span class='ocrx_word' id='word_1_112' title='bbox 741 1865 991 1916; x_wconf 92' lang='lat' dir='ltr'>Editoris</span> <span class='ocrx_word' id='word_1_113' title='bbox 1022 1899 2192 1915; x_wconf 82' lang='lat'><strong>..................................</strong></span> <span class='ocrx_word' id='word_1_114' title='bbox 2245 1856 2478 1908; x_wconf 86' lang='lat'>307-320</span> 
     </span>
    </p>
   </div>
   <div class='ocr_carea' id='block_1_3' title="bbox 1020 2018 1755 2745">
    <p class='ocr_par' dir='ltr' id='par_1_5' title="bbox 1020 2018 1755 2745">
     <span class='ocr_line' id='line_1_20' title="bbox 1020 2018 1755 2745; baseline 0 1324"><span class='ocrx_word' id='word_1_115' title='bbox 1020 2018 1755 2745; x_wconf 95' lang='lat' dir='ltr'> </span> 
     </span>
    </p>
   </div>
   <div class='ocr_carea' id='block_1_4' title="bbox 437 3271 477 3305">
    <p class='ocr_par' dir='ltr' id='par_1_6' title="bbox 437 3271 477 3305">
     <span class='ocr_line' id='line_1_21' title="bbox 437 3271 477 3305; baseline 0 0"><span class='ocrx_word' id='word_1_116' title='bbox 437 3271 477 3305; x_wconf 87' lang='lat'>41</span> 
     </span>
    </p>
   </div>
  </div>
 </body>
</html>
