2678 4069
252 96 342 146 166
660 91 770 141 DE
798 86 1313 139 DISCIPLINIS
1341 86 2020 137 MATHEMATICIS

250 235 302 285 se
324 233 422 283 sub
444 234 680 281 nomine
697 228 1253 279 Mathematicorum
1269 233 1322 277 et
1336 227 1837 290 Astrologicorum
1850 227 2227 277 venditabant
2244 226 2431 290 (siqui-

250 306 380 354 dem
408 318 478 351 ex
504 301 594 350 his
621 302 735 349 oris
762 298 856 348 hae
880 297 1151 348 sublimes
1173 296 1486 360 disciplinae
1509 297 1650 347 olim
1670 296 2027 360 prodierint),
2050 292 2069 363 ΙΙ
2091 304 2153 347 111
2175 297 2431 360 specioso
2469 307 2549 349 13v

248 378 528 436 praetextu
554 370 782 420 lucrum
811 368 914 430 (uti
939 366 1023 429 fit)
1050 367 1320 426 facerent,
1350 374 1403 417 et
1429 370 1695 418 incautos
1717 367 2060 430 deciperent.
2084 367 2244 418 Nam
2263 383 2432 418 veras

247 443 374 492 illas
397 449 449 491 et
470 442 753 503 genuinas
769 437 1204 488 Mathematum
1224 436 1486 488 scientias
1507 453 1629 487 non
1651 437 1950 488 detestatos
1972 438 2072 488 esse
2094 437 2204 488 hos
2222 437 2331 488 LL.
2350 437 2431 489 la-

246 521 410 570 10165,
433 510 566 560 inde
588 516 757 573 patet,
781 509 938 571 quod
954 508 1303 559 Geometras
1325 514 1378 558 et
1399 507 1780 558 calculatores
1803 508 1906 570 (sic
1925 510 2082 558 enim
2096 507 2430 558 Arithmeti-
2481 520 2502 554 5

246 598 341 633 cos
362 580 592 641 vocant)
615 579 753 630 alibi
775 582 835 628 in
855 581 1039 642 pretio
1059 577 1330 637 habeant,
1359 584 1533 641 atque
1560 578 1673 628 illis
1693 578 1902 629 salaria
1922 578 2291 629 numeranda
2310 578 2431 628 sen-

244 656 400 709 tiant,
433 651 483 700 &
513 652 878 700 immunitate
909 648 1238 699 officiorum
1267 648 1636 711 publicorum
1666 649 1988 699 donandos.
2028 648 2204 711 Quod
2234 655 2432 699 autem

243 726 320 773 ita
352 722 405 771 se
438 737 528 771 res
561 720 789 779 habeat,
824 719 921 770 uel
952 719 1087 769 inde
1116 725 1286 782 patet,
1321 719 1479 782 quod
1508 719 1647 769 alibi
1675 719 1747 769 fic
1776 719 2046 782 scriptum
2075 721 2429 770 inveniatur:

242 793 460 842 Artem
502 789 874 843 Geometriae
909 788 1140 854 discere
1180 791 1364 854 atque
1397 803 1695 841 exercere
1722 788 1970 854 publice
2004 789 2282 850 interest,
2324 804 2433 841 ars

243 865 448 913 autem
479 859 926 912 Mathematica
957 859 1329 910 damnabilis
1359 857 1442 923 eft
1467 862 1530 911 et
1556 857 1878 911 interdieta
1909 859 2175 911 omnino.
2207 860 2267 910 L.
2290 860 2339 910 2.
2363 860 2429 912 C.
2485 872 2526 906 10

242 934 310 984 de
333 931 533 982 Malef.
557 939 610 982 et
631 931 1082 982 Mathematicis.
1106 930 1192 980 Ex
1214 930 1425 993 quibus
1446 931 1642 993 liquet,
1667 946 1782 989 e08‚
1809 933 1909 994 qui
1930 930 2038 981 has
2058 930 2212 994 leges
2234 931 2429 982 condi-

241 1004 462 1062 derunt,
491 1018 612 1052 non
639 1001 967 1052 intellexisse
997 1000 1403 1052 Geometriam
1430 1002 1532 1052 esse
1559 1004 1811 1064 primam
1838 1008 1892 1052 et
1917 1004 2278 1065 praecipuam
2299 1001 2429 1053 Ma-

240 1074 563 1124 thematum
583 1080 822 1136 partem,
845 1072 1000 1123 unde
1022 1071 1265 1134 reliquae
1280 1071 1460 1122 ferme
1477 1087 1683 1122 omnes
1699 1074 1984 1136 originem
1998 1071 2252 1131 trahunt,
2274 1072 2430 1123 ideo-

243 1160 353 1207 que
370 1143 690 1194 admodum
704 1143 1100 1206 imprudenter
1115 1141 1424 1202 Mathefin‚
1441 1158 1575 1205 quae
1590 1142 1917 1206 generalior
1932 1142 2021 1202 est,
2038 1159 2074 1194 a
2089 1142 2432 1194 Geometria

240 1215 340 1264 sua
360 1214 541 1277 specie
563 1213 866 1264 semovisse.
889 1213 1069 1263 Aliud
1091 1215 1261 1276 igitur
1279 1213 1420 1276 quid
1433 1228 1535 1276 per
1556 1213 2009 1264 Mathematicas
2027 1220 2178 1264 artes
2191 1220 2329 1264 tunc
2343 1216 2428 1264 in-
2483 1225 2524 1259 15

238 1285 597 1343 tellexerunt,
626 1300 806 1347 quam
832 1284 1006 1334 hodie
1033 1290 1330 1347 receptum
1357 1283 1446 1343 est,
1475 1291 1528 1334 et
1548 1299 1722 1334 verus
1748 1283 1940 1335 sensus
1965 1284 2229 1348 exposcit,
2257 1291 2430 1348 prout

239 1362 410 1405 antea
430 1357 652 1405 monui.
682 1354 794 1405 Sed
821 1357 906 1414 sit,
936 1354 1211 1418 quicquid
1232 1354 1385 1413 velit,
1413 1354 1561 1404 nihil
1581 1370 1690 1405 nos
1709 1361 1987 1414 moratur,
2017 1355 2156 1418 quid
2178 1355 2428 1406 Romani

239 1429 300 1475 in
325 1426 439 1476 suis
465 1425 784 1476 forensibus
810 1425 1032 1489 legibus
1059 1425 1128 1475 de
1157 1431 1277 1476 tam
1303 1424 1659 1485 sublimibus,
1688 1432 1741 1476 et
1767 1425 1880 1476 illis
1901 1426 2144 1476 vixdum
2172 1425 2353 1489 (quod
2375 1433 2429 1477 et

240 1496 459 1547 Seneca
488 1496 589 1546 suo
617 1512 750 1546 aeuo
780 1495 1031 1558 testatur)
1060 1498 1346 1559 supremis
1375 1495 1552 1546 labris
1582 1496 1885 1560 degustatis
1914 1496 2160 1560 scientijs
2189 1511 2295 1560 pro
2325 1512 2427 1548 au-

239 1567 506 1617 thoritate
533 1567 649 1626 sua,
680 1582 797 1630 qua
818 1566 1107 1626 omnibus,
1135 1582 1257 1616 non
1277 1566 1476 1617 saltem
1502 1567 1782 1630 gentibuS,
1811 1567 1911 1617 sed
1933 1573 1988 1618 et
2007 1567 2227 1618 artibus
2247 1570 2426 1631 impe·
2477 1578 2522 1612 20

238 1653 365 1688 rare
393 1635 751 1696 affectarunt,
780 1637 1110 1688 deciderint.
1146 1637 1306 1687 Nam
1333 1644 1386 1688 et
1412 1639 1482 1701 ijs
1509 1644 1634 1688 tum
1659 1637 1804 1688 forte
1833 1637 2025 1689 adhuc
2051 1638 2196 1689 illud
2224 1637 2427 1689 Ouidi-

240 1724 422 1758 anum
447 1724 569 1758 non
595 1708 781 1758 multo
808 1710 1020 1768 minuS‚
1051 1723 1230 1771 quam
1256 1711 1435 1758 veteri
1459 1707 1614 1758 vrbis
1636 1709 1839 1759 Romae
1867 1708 2152 1760 conditori
2174 1709 2427 1760 Romulo

240 1779 621 1842 competebat:

521 1884 777 1936 Scilicet
795 1899 971 1935 arma
990 1884 1199 1950 magis
1222 1899 1405 1950 quam
1419 1882 1618 1949 sidera
1638 1886 1902 1937 Romule
1922 1899 2131 1947 noraS,
2477 1896 2504 1939 †

665 1955 945 2021 Curaque
964 1954 1263 2007 finitimos
1286 1954 1539 2007 Vincere
1559 1954 1762 2022 major
1779 1958 1930 2008 erat.
2476 1968 2521 2002 25

239 2060 329 2111 Sic
361 2068 413 2111 et
442 2060 829 2124 Philosophos
861 2067 914 2111 et
942 2064 1143 2125 poetas
1172 2077 1607 2125 nonnunquam
1636 2078 1738 2125 per
1766 2064 2134 2126 imperitiam,
2165 2065 2292 2126 pari
2321 2065 2425 2113 im-

238 2131 559 2193 prudentiae
590 2130 978 2195 conjunctam,
1008 2132 1260 2183 Ciuitate
1292 2134 1600 2196 ejecerunt,
1632 2135 1776 2196 quin
1798 2140 1851 2184 et
1870 2133 2149 2184 vxoribus
2177 2136 2427 2197 proprijs

241 2202 391 2263 (licet
419 2204 488 2265 ijs
519 2218 713 2253 carere
743 2202 1137 2266 nequiuerint)
1168 2203 1461 2254 interdum
1491 2206 1723 2254 ciuitate
1752 2204 1958 2255 leuiter
1987 2204 2424 2265 interdixerunt,

240 2279 292 2321 et
319 2272 490 2322 simili
517 2273 751 2324 leuitate
779 2273 972 2337 postea
992 2281 1355 2337 receperunt;
1383 2281 1446 2324 ut
1467 2290 1503 2324 a
1522 2274 1750 2332 talibus,
1779 2290 2162 2338 quascunque
2188 2275 2426 2326 tandem

239 2342 390 2405 leges
418 2343 487 2393 de
515 2344 686 2394 rebus
713 2347 1017 2408 incognitis
1044 2360 1164 2408 prae
1193 2345 1538 2395 dominandi
1568 2345 1806 2396 libidine
1835 2352 1889 2396 et
1914 2345 2158 2397 fastuoso
2189 2346 2426 2397 arbitrio
2476 2357 2522 2392 30

239 2412 457 2475 fingant
478 2420 650 2476 atque
672 2414 972 2478 refingant‚
994 2414 1142 2465 nihil
1162 2415 1232 2466 de
1255 2415 1474 2466 artibus
1496 2416 2016 2475 excellentioribUS,
2040 2432 2173 2480 quae
2195 2416 2310 2467 Dei
2331 2432 2424 2467 ex-

239 2485 379 2532 imia
409 2483 565 2534 dona
590 2484 733 2544 sunt,
763 2486 920 2548 quod
946 2488 1008 2535 in
1036 2501 1240 2536 earum
1266 2484 1593 2550 neglectum
1620 2487 1800 2547 cedat,
1830 2488 2345 2551 pronunciandum
2372 2494 2427 2539 et

240 2553 592 2604 credendum
623 2558 829 2606 merito
862 2559 1073 2607 veniat.
1114 2556 1226 2607 Sed
1265 2556 1356 2607 his
1390 2558 1596 2608 omissis
1630 2558 1704 2608 ad
1737 2558 2054 2609 Medicinae
2092 2557 2426 2622 professores

239 2624 617 2675 transeamus:
647 2641 899 2688 quorum
927 2630 1102 2678 etiam
1128 2627 1400 2678 nonnulli
1421 2627 1845 2679 Mathematica
1866 2636 1919 2679 et
1939 2631 2206 2692 inprimis
2226 2629 2425 2680 Astro-

239 2693 454 2756 logiam
486 2694 857 2747 insedtantur:
898 2697 1028 2748 licet
1060 2713 1266 2748 eorum
1300 2701 1614 2762 primarius
1646 2699 1894 2750 Antistes
1927 2700 2335 2764 Hyppocrates
2367 2700 2425 2751 id
2474 2710 2520 2745 35

239 2763 425 2826 ipsum
454 2780 575 2814 non
606 2767 964 2826 commiserit,
1000 2771 1100 2831 qui
1129 2775 1373 2832 Vtraque
1403 2772 1464 2819 in
1493 2769 1720 2820 summo
1750 2769 1955 2821 habuit
1983 2773 2185 2834 preti0‚
2221 2776 2275 2821 et
2302 2785 2425 2821 non

238 2833 436 2884 saltem
459 2834 831 2887 Geometrica
857 2853 962 2900 pro
990 2854 1153 2889 more
1175 2839 1670 2903 Philosophorum
1697 2843 1822 2892 eius
1849 2843 2036 2892 aetatis
2064 2843 2285 2905 egregie
2313 2841 2424 2892 cal-

238 2904 422 2963 luerit,
455 2906 553 2955 sed
582 2913 634 2956 et
661 2907 1032 2971 astrologicas
1059 2908 1463 2972 praedietiones
1490 2910 1608 2961 suae
1638 2910 1897 2963 facultati
1928 2914 2342 2962 convenienter
2372 2918 2426 2963 et

241 2990 373 3024 cum
399 2974 587 3026 fructu
613 2977 973 3039 applicuerit:
1004 2980 1160 3042 quod
1189 2987 1242 3030 et
1267 2981 1435 3031 multi
1462 2981 1558 3045 alij
1588 2981 1707 3044 post
1732 2982 1918 3046 ipsum
1938 2985 2343 3046 praestiterunt,
2372 2988 2426 3033 et

239 3044 499 3108 plerique
526 3053 724 3097 nostro
752 3050 927 3098 etiam
954 3064 1087 3099 aeuo
1114 3066 1236 3100 non
1259 3051 1562 3102 infeliciter
1582 3054 1788 3103 imitati
1808 3052 1951 3103 sunt.
1980 3053 2206 3103 Mirum
2226 3059 2424 3103 tamen
2473 3064 2520 3098 ⁴0

240 3111 714 3181 est‚ssnonnu1105,
737 3120 884 3168 inter
906 3134 1053 3181 quos
1076 3119 1330 3171 famosus
1350 3121 1446 3171 ille
1469 3122 1714 3182 Erastus,
1737 3122 1761 3148 ²⁰²
1784 3126 2024 3186 quicum
2045 3124 2423 3183 Medicinam,
2462 3133 2537 3174 14r

2290 3209 2423 3257 quae
2474 3205 2501 3247 1·
