2678 4069
270 181 402 231 XVI
800 165 1465 222 PROLEGOMENA
1493 162 1897 215 EDITORIS

489 312 712 354 Libellus
731 308 813 350 De
834 317 974 348 nova
996 304 1155 347 stella
1177 306 1325 346 extra
1347 302 1574 344 Daniam
1588 301 1676 343 vix
1697 300 1873 343 multis
1893 300 2129 351 innotuit,
2146 300 2188 342 si
2208 301 2440 354 excipias

270 318 375 421 II
444 400 463 419 ο
486 382 685 424 amicos
712 377 1002 426 nonnullos,
1025 375 1211 428 quibus
1231 373 1427 427 Tycho‚
1450 384 1573 414 cum
1601 383 1739 414 anno
1772 372 1883 413 1575
1908 371 1961 412 in
1988 370 2272 413 Germania
2297 383 2441 425 pere-

264 456 561 509 grinaretur,
585 462 704 492 eum
732 449 870 490 dono
898 445 1101 488 dedisse
1121 445 1345 494 videtur;
1369 454 1507 484 nunc
1527 453 1656 484 vero
1682 442 1816 483 inter
1841 441 2002 484 libros
2028 441 2325 485 rarissimos
2352 454 2440 484 nu-

263 527 505 566 meratur.
538 521 637 562 Sed
665 518 750 571 qui
777 518 843 558 ad
871 515 1220 568 cognitionem
1247 515 1356 568 ejus
1382 515 1748 566 pervenerunt,
1778 524 1884 554 non
1909 514 2192 566 potuerunt
2221 523 2327 554 non
2354 513 2441 554 ad-

261 593 436 637 mirari
456 589 719 643 scriptoris
741 585 1170 629 observationum
1191 583 1596 637 descriptionem
1611 583 1905 636 simplicem
1927 585 1978 625 et
1999 585 2239 636 apertam
2254 585 2305 624 et
2319 594 2440 625 con—

261 665 516 707 clusiones
542 657 891 713 gravissimas,
915 667 1034 708 quae
1060 655 1179 696 inde
1205 654 1418 704 fiebant,
1440 656 1647 695 tantum
1675 653 1740 695 ab
1768 653 1865 695 illis
1890 652 2094 706 ineptiis
2121 652 2437 705 differentes,

260 746 387 788 quas
418 732 501 774 alii
531 729 676 771 multi
706 727 986 780 scriptores
1016 725 1369 779 proferebant.
1395 724 1591 766 Notum
1623 727 1800 766 autem
1831 726 1924 774 est,
1947 723 2352 766 FRIDERICUM
2375 724 2436 775 11,

258 816 431 858 regem
459 800 641 843 Daniae
669 802 719 840 et
746 797 1037 850 Norvegiae‚
1060 807 1182 838 cum
1205 807 1235 837 a
1258 794 1634 845 GUILELMO‚
1658 794 1864 836 Hassiae
1887 793 2237 847 Landgravio‚
2260 794 2326 836 de
2345 794 2440 848 Ty-

257 874 437 917 chonis
464 869 658 912 meritis
685 868 912 910 monitus
940 870 1090 917 esset,
1112 865 1297 920 patriae
1325 877 1447 907 eum
1474 864 1725 907 devinciri
1752 867 1996 918 oportere
2022 864 2350 916 intellexisse,
2373 877 2439 908 ne

257 945 394 998 apud
421 945 627 984 exteros
653 938 832 980 studiis
860 949 1079 991 operam
1106 936 1265 978 dandi
1291 935 1630 978 occasionem
1658 938 1933 988 quaereret.
1957 935 2139 988 Itaque
2166 947 2290 978 vere
2317 937 2439 978 anni

259 1015 367 1056 1576
401 1009 687 1054 HVENAM
721 1009 946 1050 insulam
978 1019 1202 1062 parvam
1231 1007 1284 1048 in
1313 1006 1446 1049 freto
1481 1006 1667 1048 Daniae
1696 1006 1868 1056 sitam,
1902 1006 2044 1059 quod
2073 1005 2375 1048 Selandiam
2406 1020 2438 1049 a

255 1084 441 1127 Scania
469 1081 662 1131 dividit,
685 1091 779 1133 per
797 1081 881 1134 jus
909 1079 1116 1120 feudale
1144 1081 1301 1131 atque
1322 1089 1385 1119 ea
1408 1077 1620 1130 quidem
1641 1076 1967 1128 condicione,
1989 1079 2046 1118 ut
2064 1087 2159 1130 per
2178 1077 2436 1131 reliquum

254 1156 374 1196 vitae
396 1152 622 1206 spatium
642 1151 694 1192 in
713 1150 1044 1204 possessione
1065 1151 1319 1199 maneret,
1340 1148 1522 1201 Tycho
1543 1147 1876 1189 fiduciariam
1898 1147 2118 1200 accepit,
2141 1150 2191 1189 et
2213 1160 2332 1201 quae
2353 1160 2438 1191 ne-

254 1224 481 1267 cessaria
508 1225 656 1264 erant
683 1221 749 1263 ad
777 1220 1200 1263 observatorium
1227 1219 1640 1261 construendum
1667 1221 1718 1260 et
1736 1218 2093 1260 instrumentis
2121 1219 2434 1270 ornandum,

254 1295 426 1348 qualia
446 1294 680 1336 nondum
701 1291 904 1333 viderat
924 1290 1065 1334 orbis
1084 1293 1362 1341 terrarum,
1385 1301 1597 1332 summa
1616 1288 1927 1331 liberalitate
1947 1289 2137 1331 iterum
2159 1300 2222 1331 ac
2244 1289 2437 1343 saepius

252 1366 297 1408 ei
317 1364 537 1419 praebita
558 1366 690 1406 sunt.

309 1434 758 1484 Observatorium‚
781 1433 921 1486 quod
942 1432 1150 1486 proprie
1172 1432 1243 1473 ita
1264 1431 1366 1474 dici
1385 1434 1572 1485 potest,
1594 1442 1714 1473 aevo
1737 1430 1952 1484 antiquo
1973 1430 2309 1473 Alexandriae
2329 1434 2438 1473 tan-

248 1511 360 1549 tum
386 1506 544 1548 fuisse
564 1505 783 1555 videtur,
807 1515 929 1546 curn
956 1503 1115 1545 nobili
1140 1503 1227 1545 illo
1260 1503 1444 1544 Museo
1472 1502 1829 1556 conjunctum,
1853 1501 1948 1543 etsi
1974 1501 2234 1543 EUDOXI
2262 1501 2437 1545 obser-

250 1577 451 1627 vatorii‚
481 1576 621 1629 quod
651 1575 720 1616 IV
742 1577 862 1616 ante
888 1574 1005 1617 Chr.
1029 1574 1226 1616 saeculo
1255 1573 1400 1615 Cnidi
1429 1572 1538 1624 fuit,
1567 1572 1890 1615 mentionem
1920 1572 2047 1614 facit
2076 1572 2282 1624 Strabo,
2310 1576 2361 1615 et
2390 1573 2435 1614 II

176 1675 179 1679 -
251 1659 458 1701 quoque
490 1647 687 1689 saeculo
722 1648 842 1687 ante
873 1645 988 1687 Chr.
1019 1644 1415 1687 observationes
1447 1646 1727 1697 perpetuas
1761 1642 1927 1685 Rhodi
1954 1642 2155 1685 fecerat
2187 1643 2437 1685 HIPPAR-

250 1718 442 1760 CHUS.
475 1717 649 1759 Medio
681 1719 858 1758 autem
888 1727 1006 1758 aevo
1036 1726 1129 1769 per
1160 1714 1372 1768 aliquod
1400 1717 1609 1768 tempus
1637 1713 2002 1757 observatoria
2027 1713 2277 1756 tenebant
2302 1714 2437 1768 prin-

249 1788 389 1841 cipes
404 1787 602 1829 Arabes
624 1787 875 1829 Damasci
896 1790 945 1828 et
967 1786 1195 1840 Bagdadi
1216 1788 1267 1827 et
1281 1785 1503 1835 Cahirae‚
1522 1796 1653 1838 quos
1674 1784 1906 1826 imitatus
1928 1788 2006 1827 est
2025 1785 2269 1838 princeps
2291 1785 2437 1828 Mon-

248 1859 486 1912 golorum
518 1858 809 1900 HULAGU
841 1857 1034 1898 KHAN
1062 1856 1204 1898 circa
1232 1868 1429 1898 annum
1455 1855 1586 1904 1260;
1618 1855 1660 1897 is
1690 1855 1829 1897 enim
1859 1855 2104 1898 hortante
2126 1858 2434 1898 astronomo

252 1928 692 1971 NASIR-ED-DIN
720 1940 970 1981 magnum
998 1926 1420 1970 observatorium
1441 1926 1733 1969 construxit
1754 1927 1821 1968 ad
1844 1926 2155 1980 Meragham
2175 1926 2363 1968 urbem
2383 1926 2435 1968 in

249 2011 311 2041 ea
336 2002 485 2053 parte
514 1999 730 2041 Persidis
757 1999 927 2049 sitam,
952 2010 1071 2052 quae
1091 1997 1255 2051 vergit
1275 1998 1408 2039 inter
1428 1997 1808 2050 septentriones
1829 2000 1880 2039 et
1899 1997 2032 2039 Solis
2054 2008 2323 2049 occasum,
2346 1997 2435 2040 ubi

248 2070 389 2111 haud
409 2081 581 2123 pauca
601 2070 961 2120 instrumenta,
979 2081 1098 2122 quae
1114 2068 1209 2122 ipsi
1224 2068 1546 2118 invenerant,
1563 2067 1615 2109 in
1629 2079 1727 2109 usu
1743 2071 1912 2119 erant;
1935 2067 2075 2110 idem
2091 2067 2214 2110 fecit
2227 2067 2435 2110 Samar-

248 2141 402 2183 candi
418 2141 661 2183 ULUGH
684 2140 807 2182 BEG
827 2141 1024 2182 saeculo
1040 2139 1147 2181 XV.
1166 2139 1223 2180 In
1244 2140 1451 2192 Europa
1472 2138 1874 2180 ALPHONSUS
1895 2138 1955 2189 X,
1973 2137 2199 2180 Castiliae
2220 2150 2328 2190 rex,
2346 2139 2434 2192 qui

247 2211 480 2265 regnavit
500 2224 530 2253 a
550 2211 659 2252 1252
681 2212 747 2252 ad
767 2210 892 2261 1284,
908 2210 1107 2264 primus
1129 2213 1466 2252 astronomus
1487 2209 1596 2260 fuit,
1619 2220 1788 2262 neque
1806 2203 1989 2251 'tamen
2009 2210 2238 2264 majores
2259 2210 2434 2252 obser-

246 2281 523 2323 vationesT
526 2281 647 2324 oleti
662 2281 818 2324 factae
834 2292 947 2323 esse
959 2281 1214 2323 videntur.
1225 2280 1454 2321 Primum
1468 2279 1620 2334 igitur
1635 2279 2058 2322 observatorium
2070 2279 2432 2335 Norimbergae

248 2352 476 2394 condidit
498 2352 1072 2394 REGIOMONTANUS
1095 2363 1232 2394 anno
1253 2351 1379 2401 1472,
1397 2362 1500 2403 quo
1521 2354 1706 2404 postea
1726 2362 1892 2404 usque
1914 2351 1981 2392 ad
2001 2354 2246 2401 mortem,
2269 2363 2431 2404 quam

247 2422 372 2464 obiit
398 2434 535 2465 anno
570 2422 694 2473 1504,
723 2435 847 2464 usus
874 2425 951 2464 est
977 2421 1421 2464 BERNHARDUS
1437 2421 1785 2464 WALTHER.
1810 2421 2010 2463 Deinde
2031 2421 2430 2464 GUILELMUS

247 2493 620 2547 Landgravius‚
643 2493 730 2546 qui
743 2493 1048 2546 Tychonem
1071 2493 1396 2545 aliquantum
1418 2495 1575 2534 aetate
1595 2492 1883 2545 praecessit,
1906 2503 2044 2534 anno
2065 2492 2171 2534 1561
2192 2492 2431 2535 Cassellis

246 2563 666 2606 observatorium
681 2564 985 2615 construxit,
1001 2564 1090 2606 ubi
1104 2563 1213 2617 ipse
1229 2563 1625 2606 observationes
1640 2563 1762 2605 fecit
1776 2566 1827 2605 et
1842 2574 1980 2605 anno
2001 2562 2111 2604 1575
2122 2562 2430 2616 Tychonem

244 2634 466 2688 hospitio
496 2635 711 2688 accepit.
736 2635 889 2685 Quod
915 2645 1042 2676 vero
1062 2634 1101 2675 T
1103 2634 1290 2676 YCHO
1320 2634 1524 2676 Hvenae
1550 2633 1781 2684 instituit,
1805 2632 1991 2675 ceteris
2019 2633 2264 2675 omnibus
2291 2637 2431 2676 ante-

244 2706 465 2747 cellebat
485 2709 535 2747 et
555 2717 677 2747 cum
698 2705 942 2747 maximis
957 2706 1277 2747 saeculorum
1292 2704 1642 2758 posteriorum
1663 2703 2038 2747 observatoriis
2052 2703 2273 2757 publicis
2289 2715 2430 2747 com-

243 2776 416 2828 parari
436 2779 620 2829 potest.

305 2846 816 2897 URANIBURGUM‚
846 2847 1186 2900 magnificum
1205 2846 1469 2900 Tychonis
1497 2845 1837 2897 domicilium,
1867 2845 2015 2887 annis
2037 2857 2068 2887 a
2094 2845 2204 2887 1576
2225 2845 2293 2887 ad
2318 2845 2429 2887 1580

244 2916 563 2958 aedificatum
579 2921 670 2959 est.
689 2918 806 2959 Duo
829 2917 1131 2959 continebat
1152 2916 1516 2959 observatoria
1538 2917 1606 2958 ad
1627 2915 2090 2970 septentrionalem
2114 2915 2324 2958 aedificii
2345 2927 2430 2957 ex-

241 2987 575 3038 tremitatem,
597 2988 816 3029 totidem
837 2999 964 3030 vero
987 2988 1055 3029 ad
1075 2987 1491 3030 meridionalem.
1518 2987 1620 3029 Sed
1635 2987 1747 3041 Jam
1768 2990 1887 3040 post
1908 2987 2040 3029 duos
2062 2998 2229 3028 annos
2248 2986 2428 3040 ingens

243 3057 519 3106 Quadrans
546 3058 761 3099 muralis
787 3058 839 3099 in
865 3069 1017 3100 muro
1039 3058 1190 3100 unius
1212 3058 1492 3100 diaetarum
1513 3058 1804 3100 collocatus
1826 3060 1918 3108 est,
1947 3060 1998 3099 et
2024 3068 2162 3099 anno
2189 3056 2300 3099 1584
2319 3060 2428 3098 tan-

241 3130 353 3167 tum
380 3131 655 3169 creverant
674 3128 937 3181 Tychonis
963 3128 1187 3182 incepta,
1214 3132 1271 3170 ut
1298 3127 1722 3171 observatorium
1743 3131 2047 3182 separatum
2068 3139 2234 3181 parvo
2255 3127 2425 3181 spatio

247 3197 311 3238 ab
331 3197 660 3251 Uraniburgo
682 3198 879 3240 distans
900 3199 1153 3241 adversus
1173 3199 1448 3241 meridiem
1469 3198 1722 3241 aedificari
1738 3210 1870 3252 opus
1885 3201 2036 3240 esset.
2060 3198 2117 3239 In
2131 3198 2234 3240 hoc
2250 3198 2427 3240 STEL-
