2678 4069
246 100 336 149 316
776 91 1462 143 ANNOTATIONES
1489 91 1893 144 EDITORIS

246 238 358 277 utut
373 231 845 275 demonstrationes
861 241 1047 272 eorum
1062 229 1410 283 geometricas
1424 230 1508 272 hic
1525 230 1612 271 vix
1627 230 1900 284 acquirere
1915 232 2162 284 potuerit;
2186 243 2276 274 eas
2291 232 2432 274 enim

246 304 464 347 seorsim
485 303 617 343 inter
636 301 848 354 propria
870 312 991 342 mea
1012 300 1228 354 majoris
1250 300 1506 343 momenti
1525 301 1721 354 scripta
1742 312 2138 353 conservaram,
2162 314 2294 356 quas
2315 303 2433 345 Cas-

245 374 380 417 sellis
402 386 431 414 a
454 371 768 425 Landgravii
798 373 1196 424 automatopaeo
1224 373 1408 424 postea
1436 382 1499 413 ea
1527 383 1630 424 qua
1658 371 1764 413 dixi
1785 372 2067 414 occasione
2093 375 2281 415 nactus
2308 376 2428 416 est.«

247 445 343 486 Hic
367 446 544 485 autem
569 445 1047 495 »automatopaeus«
1067 441 1095 491 J
1099 444 1245 483 ustus
1267 441 1513 495 Buergius
1535 444 1662 484 erat.

305 515 420 556 Hoc
442 513 766 555 enchiridion
787 515 928 554 certe
948 515 1067 565 post
1089 524 1287 553 annum
1306 511 1417 553 1580
1432 513 1766 555 elaboratum
1787 524 1901 555 esse
1922 516 2144 564 constat,
2162 525 2286 556 cum
2302 514 2434 556 duas

244 586 356 627 illas
387 584 643 626 formulas
673 582 954 633 contineat,
984 583 1170 635 quibus
1201 594 1293 624 cos
1318 583 1363 624 Α
1390 594 1483 625 cos
1511 584 1548 625 B
1574 587 1625 626 et
1650 584 1729 626 sin
1754 584 1799 625 A
1825 583 1904 625 sin
1930 584 1968 625 B
1996 585 2200 626 ratione
2230 584 2434 627 facilius

244 655 461 697 inveniri
489 657 747 707 poterant,
772 665 902 706 quas
929 653 1015 695 illo
1044 664 1182 695 anno
1203 653 1384 706 Tycho
1407 657 1457 695 et
1476 655 1664 696 Paulus
1679 654 1980 696 Wittichius
2000 655 2155 696 simul
2178 655 2435 709 excogita-

244 729 445 776 verunt,
473 728 822 778 posteaquam
853 724 1079 777 quinque
1109 725 1222 778 jam
1260 724 1407 767 annis
1438 728 1559 767 ante
1585 725 1767 779 Tycho
1788 725 2186 779 Wittembergae
2216 737 2435 768 versans

245 796 571 838 Wittichium
598 795 839 837 hortatus
866 798 994 845 erat,
1017 798 1073 836 ut
1093 795 1238 836 illam
1260 807 1375 837 rem
1395 807 1579 838 secum
1601 798 1869 849 reputaret
1892 795 1932 851 (»
1943 795 2094 838 Visus
2116 799 2194 838 est
2214 796 2355 838 enim
2375 796 2433 847 is,

245 867 385 920 quod
407 869 457 908 et
476 870 661 919 sponte
683 865 890 915 fatetur,
907 866 1096 907 saltem
1117 865 1260 907 initia
1281 867 1532 919 quaedam
1547 866 1631 909 hic
1641 866 1831 921 jecisse
1853 866 2155 908 admonitus
2170 867 2229 909 iis
2244 867 2434 918 verbis,

245 950 363 991 quae
384 949 439 979 se
462 950 492 979 a
514 949 599 979 me
622 937 898 987 audivisse,
916 937 1044 978 dum
1064 937 1228 978 semel
1238 937 1619 991 Wittebergam
1639 937 1754 991 ipso
1775 937 1877 979 illic
1898 937 2140 979 studente
2154 937 2436 980 transirem

245 1012 295 1051 et
324 1021 409 1050 me
438 1009 631 1050 horum
661 1008 956 1050 studiorum
988 1019 1151 1049 causa
1181 1008 1527 1058 convenisset,
1550 1008 1671 1050 licet
1697 1019 1792 1062 ego
1820 1019 2007 1051 eorum
2033 1009 2304 1051 recordari
2330 1020 2436 1051 non

244 1080 530 1134 potuerim«
548 1080 586 1120 T
589 1079 729 1132 ycho
752 1079 819 1120 ad
841 1078 1134 1132 Hagecium
1148 1077 1176 1119 4
1192 1078 1323 1120 Nov.
1345 1078 1488 1135 1580).
1505 1078 1739 1121 Pluribus
1761 1079 1872 1121 aliis
1893 1078 2022 1121 locis
2036 1079 2120 1121 hic
2137 1080 2437 1122 communis

244 1152 395 1193 labor
423 1150 759 1204 significatur,
783 1161 907 1191 cum
936 1149 987 1190 in
1007 1149 1270 1202 Tychonis
1301 1149 1548 1202 epistulis,
1576 1153 1690 1192 tum
1720 1150 1771 1191 in
1802 1149 2227 1204 Longomontani
2251 1148 2437 1192 Astro-

244 1221 425 1264 nomia
440 1220 651 1263 Danica
672 1233 719 1274 p.
738 1220 764 1262 8
778 1220 876 1276 (ed.
898 1219 1042 1275 1640),
1059 1220 1146 1262 ubi
1169 1232 1337 1262 annus
1356 1223 1538 1262 tamen
1563 1220 1674 1262 1582
1694 1232 1790 1274 pro
1810 1220 1922 1262 1580
1941 1232 2036 1274 per
2056 1232 2294 1264 errorem
2314 1221 2439 1264 indi-

246 1297 407 1342 catur,
431 1296 480 1334 et
506 1292 557 1334 in
585 1292 805 1345 epistula
827 1291 975 1333 Gellii
1002 1291 1303 1342 Sasceridis,
1327 1291 1566 1345 discipuli
1585 1291 1865 1345 Tychonis,
1889 1292 1936 1333 d.
1960 1291 1987 1333 6
2008 1304 2077 1333 m.
2100 1292 2228 1346 Aug.
2254 1304 2299 1334 a.
2327 1291 2439 1334 1590

247 1366 313 1407 ad
336 1364 604 1418 Maginum
626 1363 765 1413 data,
781 1362 1144 1415 ubiTychonis
1166 1362 1437 1404 enchiridii
1453 1362 1649 1404 mentio
1664 1362 1760 1404 fit1.
1779 1363 1947 1404 Etiam
1962 1362 2015 1404 in
2028 1362 2162 1405 libro
2174 1362 2439 1416 Tychonis

246 1437 310 1478 de
337 1437 548 1477 cometa
576 1434 698 1476 anni
723 1434 833 1475 1577
854 1432 955 1489 (De
975 1432 1167 1475 mundi
1185 1432 1414 1475 aetherei
1431 1432 1825 1475 recentioribus
1841 1432 2226 1486 phaenomenIs
2246 1446 2295 1488 p.
2318 1433 2437 1490 281),

247 1507 334 1560 qui
347 1506 537 1560 prodiit
553 1518 597 1547 a.
614 1504 740 1555 1588,
757 1504 882 1547 illud
896 1504 1173 1557 problema
1187 1504 1524 1558 significatur,
1540 1505 1681 1558 quod
1695 1504 1747 1546 in
1766 1505 2040 1558 »dogmate
2056 1505 2125 1546 IV
2139 1506 2438 1558 planorum,

248 1579 445 1630 absque
467 1576 695 1618 demissa
716 1575 1160 1629 perpendiculari«
1180 1575 1263 1617 hic
1279 1579 1552 1618 tractatur.
1570 1575 1672 1617 Sed
1686 1575 1888 1629 longius
1903 1575 2064 1618 etiam
2078 1576 2342 1630 Tychonis
2357 1588 2441 1618 en-

247 1648 503 1692 chiridion
518 1647 680 1700 repeti
695 1650 880 1700 potest.
896 1646 953 1687 In
968 1646 1100 1688 libro
1116 1646 1272 1697 enim,
1287 1646 1375 1700 qui
1390 1646 1788 1689 observationes
1805 1646 1925 1688 anni
1945 1646 2056 1688 1585
2071 1658 2201 1700 pure
2217 1647 2441 1701 descrip-

246 1724 327 1762 tas
348 1719 549 1773 praebet
569 1718 703 1774 (cod.
721 1718 892 1759 Haun.
906 1718 1022 1759 Ant.
1039 1718 1162 1759 Coll.
1182 1718 1296 1771 Reg.
1315 1717 1426 1759 1829
1446 1718 1498 1759 in
1518 1717 1608 1774 4⁰),
1624 1718 1691 1759 ad
1711 1717 1874 1759 finem
1894 1718 2152 1771 reperitur
2172 1729 2441 1761 commen-

246 1791 374 1833 tatio
391 1790 454 1832 de
468 1789 638 1831 Marte
660 1788 1116 1831 observationibus
1132 1788 1242 1842 ejus
1258 1788 1650 1842 oppositionum
1666 1799 1929 1830 annorum
1945 1788 2057 1830 1580
2071 1792 2122 1831 et
2138 1789 2249 1831 1582
2264 1793 2314 1831 01
2330 1789 2441 1831 1585

248 1862 430 1911 nitens,
446 1860 535 1902 ubi
555 1860 606 1901 in
626 1859 889 1902 solvendis
904 1859 1173 1913 triangulis
1189 1860 1441 1913 dogmata
1457 1859 1526 1900 IV
1538 1862 1589 1901 et
1599 1859 1693 1900 VII
1709 1860 1992 1912 planorum
2006 1859 2200 1913 saepius
2218 1860 2442 1902 afferun-

247 1937 345 1974 tur.
370 1932 550 1984 Itaque
566 1932 679 1985 jam
702 1941 840 1972 anno
866 1930 975 1971 1585
998 1930 1323 1972 enchiridion
1345 1931 1446 1972 1100
1469 1929 1627 1972 fuisse
1648 1941 1754 1972 non
1774 1934 1946 1983 potest
1966 1931 2160 1985 negari,
2180 1942 2276 1973 nec
2299 1931 2443 1973 dubi-

248 2003 348 2045 tari
362 2013 516 2055 posse
531 2001 750 2051 videtur,
769 2001 891 2054 quin
910 2002 1013 2043 hoc
1034 2001 1160 2043 illud
1182 2001 1351 2052 fuerit,
1366 2002 1523 2054 quod,
1538 2013 1662 2043 cum
1684 2013 1865 2043 mense
1877 2001 2172 2055 Septembri
2193 2002 2314 2044 anni
2331 2001 2442 2044 1584

251 2074 416 2116 Ursus
439 2072 755 2126 Uraniburgi
775 2076 925 2123 esset,
948 2072 1000 2113 in
1028 2072 1272 2115 omnibus
1300 2072 1635 2115 bibliothecae
1663 2072 1858 2114 mensis
1882 2072 2114 2125 positum
2135 2076 2285 2115 esset.
2311 2073 2442 2115 Cum

250 2156 376 2186 vero
398 2156 425 2186 e
446 2144 667 2186 Thomae
689 2143 897 2185 Finckei
921 2141 1233 2186 Geometria
1256 2142 1485 2194 rotundi,
1509 2155 1628 2197 quae
1650 2142 1842 2196 prodiit
1862 2155 2043 2186 mense
2063 2144 2297 2198 Augusto
2321 2143 2443 2186 anni

254 2215 379 2266 1583,
404 2215 653 2268 quaedam
681 2214 842 2267 petita
869 2226 983 2257 esse
1004 2214 1284 2256 videantur
1303 2214 1423 2270 (vid.
1447 2214 1618 2270 infra),
1642 2225 1781 2256 anno
1807 2213 1917 2256 1583
1939 2215 2022 2256 vel
2047 2214 2159 2256 1584
2180 2215 2443 2268 conscrip-

250 2290 364 2328 tum
385 2297 498 2328 esse
518 2285 738 2327 videtur.

312 2357 593 2407 Quomodo
628 2356 885 2398 formulas
918 2356 1050 2398 duas
1079 2356 1260 2409 Tycho
1291 2360 1342 2398 et
1362 2356 1662 2399 Wittichius
1695 2355 1998 2409 repererint,
2032 2355 2259 2409 perspici
2290 2367 2446 2410 posse

252 2427 458 2469 videtur
485 2438 550 2468 ex
572 2426 693 2468 Ursi
719 2427 852 2469 libro
880 2427 966 2469 fol.
995 2426 1070 2468 16V
1097 2430 1148 2469 et
1178 2428 1248 2469 17r
1275 2430 1326 2469 et
1352 2438 1380 2469 e
1408 2426 1833 2481 Longomontani
1858 2425 2212 2468 AstronomIa
2232 2425 2445 2469 Danica

253 2511 300 2552 p.
318 2498 360 2549 9,
383 2498 472 2540 ubi
491 2498 658 2551 figura
679 2497 866 2550 primae
888 2509 1090 2547 earum,
1114 2510 1245 2550 quas
1262 2498 1429 2540 Ursus
1451 2498 1684 2547 dederat,
1708 2497 1995 2539 consimilis
2016 2497 2290 2540 invenitur.
2315 2498 2446 2540 Cum

253 2580 380 2612 vero
414 2568 676 2621 Buergius,
706 2568 792 2621 qui
823 2579 961 2609 anno
993 2567 1104 2609 1586
1132 2568 1197 2610 ab
1222 2568 1359 2610 Urso
1390 2568 1583 2610 certior
1613 2568 1800 2618 factus,
1824 2580 1944 2621 quae
1976 2568 2117 2621 apud
2136 2568 2175 2609 T
2176 2568 2446 2621 ychonem

254 2640 482 2689 vidisset,
499 2650 612 2680 rem
632 2638 847 2680 ulterius
868 2642 1174 2691 persecutus
1195 2642 1287 2689 est,
1305 2639 1414 2692 ipse
1435 2639 1559 2680 nihil
1581 2640 1646 2681 de
1661 2651 1725 2681 ea
1740 2650 1797 2680 re
1812 2638 2046 2689 ediderit,
2064 2639 2446 2682 demonstratio

256 2709 693 2763 Longomontani,
716 2708 813 2750 nisi
834 2709 1031 2751 Ursum
1052 2709 1199 2762 sequi
1218 2709 1345 2751 satis
1366 2709 1564 2760 habuit,
1587 2709 1825 2762 Tychoni
1845 2709 2025 2752 deberi
2045 2709 2266 2752 videtur.

316 2794 326 2817 l
351 2792 454 2827 Fieri
475 2792 671 2835 potuisse,
688 2795 731 2826 ut
744 2792 898 2836 Tycho,
914 2803 1009 2827 cum
1032 2803 1144 2827 anno
1169 2793 1268 2832 1575,
1290 2796 1334 2826 ut
1354 2803 1480 2836 supra
1500 2792 2014 2837 vidimus‚Wittembergae
2034 2796 2277 2834 versaretur,
2292 2793 2445 2828 librum

257 2851 426 2886 Ioannis
448 2850 634 2885 Werneri
655 2852 717 2885 De
740 2852 957 2895 triangulis
983 2852 1206 2895 sphaericis
1228 2852 1417 2886 nondum
1438 2854 1525 2885 tum
1547 2851 1714 2894 publice
1735 2851 1904 2891 editum,
1925 2851 1997 2886 ubi
2019 2851 2238 2886 adhibetur
2258 2853 2444 2896 prostha-

255 2909 466 2954 phaeresis‚
489 2909 717 2953 inspiceret,
739 2909 973 2953 suspicatus
994 2913 1055 2944 est
1075 2910 1361 2944 Braunmuehl
1378 2910 1478 2951 (Zur
1497 2910 1753 2945 Geschiclite
1774 2912 1847 2944 der
1861 2911 2337 2955 prosthapha'retischen
2358 2912 2445 2946 Me-

259 2970 379 3002 thode
401 2968 443 3002 in
463 2969 571 3002 Abla.
592 2980 626 3002 z.
648 2968 798 3003 Gescli.
819 2970 852 3002 d.
875 2970 1155 3003 Mathematik
1177 2969 1229 3003 IX
1251 2980 1287 3012 p.
1308 2969 1376 3010 18).
1397 2971 1447 3002 At
1468 2968 1510 3002 in
1532 2968 1712 3003 editione
1733 2968 1828 3003 libri
1843 2969 2044 3010 Werneri,
2065 2981 2190 3014 quem
2219 2970 2358 3004 Romae
2386 2969 2428 3004 in

256 3030 423 3062 venerat
443 3030 480 3061 et
501 3038 534 3061 a.
555 3027 642 3061 1907
661 3026 842 3070 primum
864 3027 1001 3067 edidit,
1017 3028 1096 3062 hoe
1111 3027 1195 3062 veri
1217 3027 1548 3062 dissimillimum
1571 3038 1662 3062 esse
1684 3028 1982 3063 demonstravit
1997 3028 2206 3072 Bjoernbo,
2222 3027 2321 3072 quia
2333 3029 2446 3063 Wer-

257 3085 344 3120 neri
373 3086 497 3120 codex
525 3085 596 3119 illo
617 3088 800 3129 tempore
816 3085 1027 3120 Cracoviae
1044 3086 1154 3129 apud
1176 3086 1391 3121 Rheticum
1414 3085 1543 3120 fuisse
1565 3085 1664 3120 satis
1686 3089 1791 3121 certe
1811 3086 2019 3122 videretur
2041 3088 2166 3128 (Abh.
2184 3098 2218 3121 z.
2243 3087 2395 3122 Gesch.
2412 3088 2447 3121 d.

256 3146 453 3179 mathem.
476 3145 843 3179 wissenschaften
866 3145 994 3178 XXIV
1014 3156 1050 3188 p.
1077 3145 1170 3186 169).
