<?xml version="1.0" encoding="UTF-8"?>
<!DOCTYPE html PUBLIC "-//W3C//DTD XHTML 1.0 Transitional//EN"
    "http://www.w3.org/TR/xhtml1/DTD/xhtml1-transitional.dtd">
<html xmlns="http://www.w3.org/1999/xhtml" xml:lang="en" lang="en">
 <head>
  <title>
</title>
<meta http-equiv="Content-Type" content="text/html;charset=utf-8" />
  <meta name='ocr-system' content='tesseract 3.04.00' />
  <meta name='ocr-capabilities' content='ocr_page ocr_carea ocr_par ocr_line ocrx_word'/>
</head>
<body>
  <div class='ocr_page' id='page_1' title='image "./operaomniaedidit01brahuoft/operaomniaedidit01brahuoft_0050.png"; bbox 0 0 2678 4069; ppageno 0'>
   <div class='ocr_carea' id='block_1_1' title="bbox 271 174 1898 240">
    <p class='ocr_par' dir='ltr' id='par_1_1' title="bbox 271 174 1898 240">
     <span class='ocr_line' id='line_1_1' title="bbox 271 174 1898 240; baseline -0.01 0"><span class='ocrx_word' id='word_1_1' title='bbox 271 188 517 240; x_wconf 92' lang='lat' dir='ltr'>XXXIV</span> <span class='ocrx_word' id='word_1_2' title='bbox 805 176 1469 231; x_wconf 86' lang='lat' dir='ltr'>PROLEGOMENA</span> <span class='ocrx_word' id='word_1_3' title='bbox 1497 174 1898 226; x_wconf 91' lang='lat' dir='ltr'>EDITORIS</span> 
     </span>
    </p>
   </div>
   <div class='ocr_carea' id='block_1_2' title="bbox 258 311 2449 3260">
    <p class='ocr_par' dir='ltr' id='par_1_2' title="bbox 260 311 2448 1071">
     <span class='ocr_line' id='line_1_2' title="bbox 270 311 2444 373; baseline -0.006 -6"><span class='ocrx_word' id='word_1_4' title='bbox 270 328 517 373; x_wconf 85' lang='lat' dir='ltr'>cometas,</span> <span class='ocrx_word' id='word_1_5' title='bbox 550 333 667 373; x_wconf 87' lang='lat' dir='ltr'>quae</span> <span class='ocrx_word' id='word_1_6' title='bbox 693 322 876 372; x_wconf 90' lang='lat' dir='ltr'>postea</span> <span class='ocrx_word' id='word_1_7' title='bbox 904 314 1167 359; x_wconf 90' lang='lat' dir='ltr'>observati</span> <span class='ocrx_word' id='word_1_8' title='bbox 1194 316 1380 363; x_wconf 82' lang='lat' dir='ltr'>essent,</span> <span class='ocrx_word' id='word_1_9' title='bbox 1407 316 1673 354; x_wconf 81' lang='lat' dir='ltr'><strong>tractaret.</strong></span> <span class='ocrx_word' id='word_1_10' title='bbox 1703 312 1804 354; x_wconf 90' lang='lat' dir='ltr'>Sed</span> <span class='ocrx_word' id='word_1_11' title='bbox 1831 324 2124 364; x_wconf 84' lang='lat' dir='ltr'>numquam</span> <span class='ocrx_word' id='word_1_12' title='bbox 2148 311 2195 353; x_wconf 93' lang='lat' dir='ltr'>ei</span> <span class='ocrx_word' id='word_1_13' title='bbox 2218 312 2444 366; x_wconf 92' lang='lat' dir='ltr'>contigit,</span> 
     </span>
     <span class='ocr_line' id='line_1_3' title="bbox 268 381 2447 446; baseline -0.006 -11"><span class='ocrx_word' id='word_1_14' title='bbox 268 400 322 436; x_wconf 82' lang='lat' dir='ltr'>ut</span> <span class='ocrx_word' id='word_1_15' title='bbox 351 403 598 446; x_wconf 90' lang='lat' dir='ltr'>magnum</span> <span class='ocrx_word' id='word_1_16' title='bbox 627 390 751 430; x_wconf 89' lang='lat' dir='ltr'>illud</span> <span class='ocrx_word' id='word_1_17' title='bbox 781 399 911 441; x_wconf 92' lang='lat' dir='ltr'>opus</span> <span class='ocrx_word' id='word_1_18' title='bbox 942 385 1226 428; x_wconf 88' lang='lat' dir='ltr'>conficeret</span> <span class='ocrx_word' id='word_1_19' title='bbox 1253 383 1419 439; x_wconf 90' lang='lat' dir='ltr'>(cujus</span> <span class='ocrx_word' id='word_1_20' title='bbox 1449 382 1709 425; x_wconf 90' lang='lat' dir='ltr'>rationem</span> <span class='ocrx_word' id='word_1_21' title='bbox 1737 386 1787 424; x_wconf 89' lang='lat' dir='ltr'>et</span> <span class='ocrx_word' id='word_1_22' title='bbox 1816 382 2056 425; x_wconf 87' lang='lat' dir='ltr'>ordinem</span> <span class='ocrx_word' id='word_1_23' title='bbox 2086 393 2224 424; x_wconf 92' lang='lat' dir='ltr'>anno</span> <span class='ocrx_word' id='word_1_24' title='bbox 2259 381 2369 424; x_wconf 89' lang='lat'>1588</span> <span class='ocrx_word' id='word_1_25' title='bbox 2395 382 2447 424; x_wconf 92' lang='lat' dir='ltr'>in</span> 
     </span>
     <span class='ocr_line' id='line_1_4' title="bbox 267 452 2448 517; baseline -0.006 -12"><span class='ocrx_word' id='word_1_26' title='bbox 267 464 483 517; x_wconf 82' lang='lat' dir='ltr'><strong>epistula</strong></span> <span class='ocrx_word' id='word_1_27' title='bbox 505 461 570 502; x_wconf 90' lang='lat' dir='ltr'>ad</span> <span class='ocrx_word' id='word_1_28' title='bbox 591 457 941 500; x_wconf 85' lang='lat' dir='ltr'>PEUCERUM</span> <span class='ocrx_word' id='word_1_29' title='bbox 970 456 1164 509; x_wconf 89' lang='lat' dir='ltr'>scripta</span> <span class='ocrx_word' id='word_1_30' title='bbox 1185 453 1496 508; x_wconf 84' lang='lat' dir='ltr'><strong>delineavit),</strong></span> <span class='ocrx_word' id='word_1_31' title='bbox 1527 465 1589 495; x_wconf 95' lang='lat' dir='ltr'>ac</span> <span class='ocrx_word' id='word_1_32' title='bbox 1617 465 1682 495; x_wconf 90' lang='lat' dir='ltr'>ne</span> <span class='ocrx_word' id='word_1_33' title='bbox 1707 452 1919 495; x_wconf 88' lang='lat' dir='ltr'>tertium</span> <span class='ocrx_word' id='word_1_34' title='bbox 1941 452 2154 505; x_wconf 90' lang='lat' dir='ltr'>quidem</span> <span class='ocrx_word' id='word_1_35' title='bbox 2173 452 2448 506; x_wconf 89' lang='lat' dir='ltr'>prodromi</span> 
     </span>
     <span class='ocr_line' id='line_1_5' title="bbox 266 523 2446 581; baseline -0.005 -6"><span class='ocrx_word' id='word_1_36' title='bbox 266 535 511 575; x_wconf 91' lang='lat' dir='ltr'>volumen</span> <span class='ocrx_word' id='word_1_37' title='bbox 543 541 797 581; x_wconf 91' lang='lat' dir='ltr'>umquam</span> <span class='ocrx_word' id='word_1_38' title='bbox 830 527 1131 569; x_wconf 88' lang='lat' dir='ltr'>confectum</span> <span class='ocrx_word' id='word_1_39' title='bbox 1165 527 1256 567; x_wconf 89' lang='lat' dir='ltr'>est.</span> <span class='ocrx_word' id='word_1_40' title='bbox 1292 525 1483 566; x_wconf 88' lang='lat' dir='ltr'>Rursus</span> <span class='ocrx_word' id='word_1_41' title='bbox 1512 527 1707 574; x_wconf 89' lang='lat' dir='ltr'>tamen,</span> <span class='ocrx_word' id='word_1_42' title='bbox 1743 535 1862 576; x_wconf 86' lang='lat' dir='ltr'>quae</span> <span class='ocrx_word' id='word_1_43' title='bbox 1893 534 1956 565; x_wconf 95' lang='lat' dir='ltr'>eo</span> <span class='ocrx_word' id='word_1_44' title='bbox 1985 523 2269 574; x_wconf 93' lang='lat' dir='ltr'>volumine,</span> <span class='ocrx_word' id='word_1_45' title='bbox 2304 523 2446 575; x_wconf 91' lang='lat' dir='ltr'>quod</span> 
     </span>
     <span class='ocr_line' id='line_1_6' title="bbox 266 593 2444 648; baseline -0.004 -5"><span class='ocrx_word' id='word_1_46' title='bbox 266 598 654 643; x_wconf 82' lang='lat' dir='ltr'>»Astronomiae</span> <span class='ocrx_word' id='word_1_47' title='bbox 683 597 998 639; x_wconf 80' lang='lat' dir='ltr'>instauratae</span> <span class='ocrx_word' id='word_1_48' title='bbox 1025 594 1603 648; x_wconf 74' lang='lat' dir='ltr'>Progymnasmatum«</span> <span class='ocrx_word' id='word_1_49' title='bbox 1634 594 1864 648; x_wconf 90' lang='lat' dir='ltr'>primam</span> <span class='ocrx_word' id='word_1_50' title='bbox 1893 597 2100 647; x_wconf 89' lang='lat' dir='ltr'>partem</span> <span class='ocrx_word' id='word_1_51' title='bbox 2126 605 2240 635; x_wconf 92' lang='lat' dir='ltr'>esse</span> <span class='ocrx_word' id='word_1_52' title='bbox 2265 593 2444 644; x_wconf 91' lang='lat' dir='ltr'>voluit,</span> 
     </span>
     <span class='ocr_line' id='line_1_7' title="bbox 263 668 2447 722; baseline -0.004 -9"><span class='ocrx_word' id='word_1_53' title='bbox 263 676 489 714; x_wconf 88' lang='lat' dir='ltr'>tractare</span> <span class='ocrx_word' id='word_1_54' title='bbox 518 669 614 711; x_wconf 90' lang='lat' dir='ltr'>sibi</span> <span class='ocrx_word' id='word_1_55' title='bbox 639 670 999 722; x_wconf 88' lang='lat' dir='ltr'>proposuerat,</span> <span class='ocrx_word' id='word_1_56' title='bbox 1033 669 1240 708; x_wconf 90' lang='lat' dir='ltr'>tantum</span> <span class='ocrx_word' id='word_1_57' title='bbox 1268 668 1561 714; x_wconf 91' lang='lat' dir='ltr'>creverunt,</span> <span class='ocrx_word' id='word_1_58' title='bbox 1595 668 1651 706; x_wconf 95' lang='lat' dir='ltr'>ut</span> <span class='ocrx_word' id='word_1_59' title='bbox 1676 668 1947 718; x_wconf 88' lang='lat' dir='ltr'>postremo</span> <span class='ocrx_word' id='word_1_60' title='bbox 1975 675 2080 706; x_wconf 91' lang='lat' dir='ltr'>non</span> <span class='ocrx_word' id='word_1_61' title='bbox 2106 674 2279 717; x_wconf 92' lang='lat' dir='ltr'>pauca</span> <span class='ocrx_word' id='word_1_62' title='bbox 2306 675 2447 706; x_wconf 94' lang='lat' dir='ltr'>com-</span> 
     </span>
     <span class='ocr_line' id='line_1_8' title="bbox 262 734 2447 796; baseline -0.003 -13"><span class='ocrx_word' id='word_1_63' title='bbox 262 744 586 796; x_wconf 82' lang='lat' dir='ltr'>plecteretur,</span> <span class='ocrx_word' id='word_1_64' title='bbox 615 751 731 792; x_wconf 87' lang='lat' dir='ltr'>quae</span> <span class='ocrx_word' id='word_1_65' title='bbox 754 739 820 780; x_wconf 91' lang='lat' dir='ltr'>ad</span> <span class='ocrx_word' id='word_1_66' title='bbox 842 749 1039 779; x_wconf 90' lang='lat' dir='ltr'>novam</span> <span class='ocrx_word' id='word_1_67' title='bbox 1060 737 1266 778; x_wconf 90' lang='lat' dir='ltr'>stellam</span> <span class='ocrx_word' id='word_1_68' title='bbox 1287 735 1410 777; x_wconf 88' lang='lat' dir='ltr'>nihil</span> <span class='ocrx_word' id='word_1_69' title='bbox 1433 735 1541 777; x_wconf 90' lang='lat' dir='ltr'>fere</span> <span class='ocrx_word' id='word_1_70' title='bbox 1561 734 1893 788; x_wconf 88' lang='lat' dir='ltr'>pertinerent,</span> <span class='ocrx_word' id='word_1_71' title='bbox 1923 746 2086 788; x_wconf 89' lang='lat' dir='ltr'>quare</span> <span class='ocrx_word' id='word_1_72' title='bbox 2106 735 2218 788; x_wconf 93' lang='lat' dir='ltr'>ipso</span> <span class='ocrx_word' id='word_1_73' title='bbox 2239 734 2447 776; x_wconf 91' lang='lat' dir='ltr'>vivente</span> 
     </span>
     <span class='ocr_line' id='line_1_9' title="bbox 262 804 2446 866; baseline -0.003 -13"><span class='ocrx_word' id='word_1_74' title='bbox 262 813 464 866; x_wconf 88' lang='lat' dir='ltr'>prelum</span> <span class='ocrx_word' id='word_1_75' title='bbox 491 822 595 852; x_wconf 90' lang='lat' dir='ltr'>non</span> <span class='ocrx_word' id='word_1_76' title='bbox 620 813 791 851; x_wconf 92' lang='lat' dir='ltr'>totum</span> <span class='ocrx_word' id='word_1_77' title='bbox 818 807 1035 860; x_wconf 91' lang='lat' dir='ltr'>reliquit.</span> <span class='ocrx_word' id='word_1_78' title='bbox 1063 807 1130 848; x_wconf 91' lang='lat' dir='ltr'>At</span> <span class='ocrx_word' id='word_1_79' title='bbox 1157 807 1378 848; x_wconf 88' lang='lat' dir='ltr'>alterum</span> <span class='ocrx_word' id='word_1_80' title='bbox 1407 807 1673 855; x_wconf 90' lang='lat' dir='ltr'>volumen,</span> <span class='ocrx_word' id='word_1_81' title='bbox 1703 805 1788 847; x_wconf 92' lang='lat' dir='ltr'>cui</span> <span class='ocrx_word' id='word_1_82' title='bbox 1812 805 2021 846; x_wconf 91' lang='lat' dir='ltr'>titulum</span> <span class='ocrx_word' id='word_1_83' title='bbox 2050 805 2309 859; x_wconf 90' lang='lat' dir='ltr'>inscripsit</span> <span class='ocrx_word' id='word_1_84' title='bbox 2336 804 2446 846; x_wconf 89' lang='lat' dir='ltr'>»De</span> 
     </span>
     <span class='ocr_line' id='line_1_10' title="bbox 261 875 2445 930; baseline -0.002 -7"><span class='ocrx_word' id='word_1_85' title='bbox 261 880 449 923; x_wconf 84' lang='lat' dir='ltr'>mundi</span> <span class='ocrx_word' id='word_1_86' title='bbox 467 878 693 922; x_wconf 74' lang='lat' dir='ltr'>aetherei</span> <span class='ocrx_word' id='word_1_87' title='bbox 711 876 1102 920; x_wconf 78' lang='lat' dir='ltr'>recentioribus</span> <span class='ocrx_word' id='word_1_88' title='bbox 1119 875 1548 930; x_wconf 81' lang='lat' dir='ltr'>phaenomenis«‚</span> <span class='ocrx_word' id='word_1_89' title='bbox 1579 887 1717 918; x_wconf 93' lang='lat' dir='ltr'>anno</span> <span class='ocrx_word' id='word_1_90' title='bbox 1743 875 1854 917; x_wconf 87' lang='grc'>1588</span> <span class='ocrx_word' id='word_1_91' title='bbox 1874 875 1926 917; x_wconf 92' lang='lat' dir='ltr'>in</span> <span class='ocrx_word' id='word_1_92' title='bbox 1945 875 2105 929; x_wconf 91' lang='lat' dir='ltr'>ipsius</span> <span class='ocrx_word' id='word_1_93' title='bbox 2127 875 2340 918; x_wconf 88' lang='lat' dir='ltr'>officina</span> <span class='ocrx_word' id='word_1_94' title='bbox 2363 876 2445 918; x_wconf 93' lang='lat' dir='ltr'>ab·</span> 
     </span>
     <span class='ocr_line' id='line_1_11' title="bbox 261 946 2448 1001; baseline -0.003 -8"><span class='ocrx_word' id='word_1_95' title='bbox 261 954 489 994; x_wconf 91' lang='lat' dir='ltr'>solutum</span> <span class='ocrx_word' id='word_1_96' title='bbox 516 954 607 1000; x_wconf 92' lang='lat' dir='ltr'>est,</span> <span class='ocrx_word' id='word_1_97' title='bbox 637 953 686 991; x_wconf 93' lang='lat' dir='ltr'>et</span> <span class='ocrx_word' id='word_1_98' title='bbox 713 961 831 1001; x_wconf 84' lang='lat' dir='ltr'>quae</span> <span class='ocrx_word' id='word_1_99' title='bbox 859 949 923 990; x_wconf 91' lang='lat' dir='ltr'>de</span> <span class='ocrx_word' id='word_1_100' title='bbox 950 951 1283 990; x_wconf 91' lang='lat' dir='ltr'>cometarum</span> <span class='ocrx_word' id='word_1_101' title='bbox 1307 951 1495 989; x_wconf 91' lang='lat' dir='ltr'>natura</span> <span class='ocrx_word' id='word_1_102' title='bbox 1517 957 1579 988; x_wconf 91' lang='lat' dir='ltr'>ac</span> <span class='ocrx_word' id='word_1_103' title='bbox 1601 950 1890 999; x_wconf 86' lang='lat' dir='ltr'>systemate</span> <span class='ocrx_word' id='word_1_104' title='bbox 1912 946 2094 988; x_wconf 89' lang='lat' dir='ltr'>mundi</span> <span class='ocrx_word' id='word_1_105' title='bbox 2112 946 2293 999; x_wconf 91' lang='lat' dir='ltr'>Tycho</span> <span class='ocrx_word' id='word_1_106' title='bbox 2315 946 2448 1000; x_wconf 92' lang='lat' dir='ltr'>cogi-</span> 
     </span>
     <span class='ocr_line' id='line_1_12' title="bbox 260 1019 1356 1071; baseline -0.005 -7"><span class='ocrx_word' id='word_1_107' title='bbox 260 1026 407 1071; x_wconf 83' lang='lat' dir='ltr'>taret,</span> <span class='ocrx_word' id='word_1_108' title='bbox 432 1020 710 1063; x_wconf 91' lang='lat' dir='ltr'>certiorem</span> <span class='ocrx_word' id='word_1_109' title='bbox 731 1019 852 1061; x_wconf 93' lang='lat' dir='ltr'>fecit</span> <span class='ocrx_word' id='word_1_110' title='bbox 873 1019 1059 1061; x_wconf 93' lang='lat' dir='ltr'>orbem</span> <span class='ocrx_word' id='word_1_111' title='bbox 1077 1022 1356 1060; x_wconf 87' lang='lat' dir='ltr'>terrarum.</span> 
     </span>
    </p>

    <p class='ocr_par' dir='ltr' id='par_1_3' title="bbox 258 1088 2449 3260">
     <span class='ocr_line' id='line_1_13' title="bbox 319 1088 2448 1142; baseline -0.002 -9"><span class='ocrx_word' id='word_1_112' title='bbox 319 1093 443 1133; x_wconf 89' lang='lat' dir='ltr'>Inde</span> <span class='ocrx_word' id='word_1_113' title='bbox 464 1091 529 1133; x_wconf 91' lang='lat' dir='ltr'>ab</span> <span class='ocrx_word' id='word_1_114' title='bbox 553 1090 765 1142; x_wconf 90' lang='lat' dir='ltr'>antiquo</span> <span class='ocrx_word' id='word_1_115' title='bbox 787 1100 906 1131; x_wconf 87' lang='lat' dir='ltr'>aevo</span> <span class='ocrx_word' id='word_1_116' title='bbox 928 1101 990 1131; x_wconf 94' lang='lat' dir='ltr'>ea</span> <span class='ocrx_word' id='word_1_117' title='bbox 1012 1088 1186 1142; x_wconf 92' lang='lat' dir='ltr'>opinio</span> <span class='ocrx_word' id='word_1_118' title='bbox 1209 1089 1273 1130; x_wconf 92' lang='lat' dir='ltr'>de</span> <span class='ocrx_word' id='word_1_119' title='bbox 1295 1088 1515 1130; x_wconf 90' lang='lat' dir='ltr'>cometis</span> <span class='ocrx_word' id='word_1_120' title='bbox 1529 1089 1898 1141; x_wconf 72' lang='lat' dir='ltr'>praevaluerat,</span> <span class='ocrx_word' id='word_1_121' title='bbox 1923 1099 2085 1140; x_wconf 92' lang='lat' dir='ltr'>quam</span> <span class='ocrx_word' id='word_1_122' title='bbox 2098 1091 2448 1141; x_wconf 90' lang='lat' dir='ltr'>proposuerat</span> 
     </span>
     <span class='ocr_line' id='line_1_14' title="bbox 259 1158 2445 1213; baseline -0.002 -9"><span class='ocrx_word' id='word_1_123' title='bbox 259 1160 706 1211; x_wconf 88' lang='lat' dir='ltr'>ARISTOTELES,</span> <span class='ocrx_word' id='word_1_124' title='bbox 738 1160 1092 1213; x_wconf 86' lang='lat' dir='ltr'>phaenomena</span> <span class='ocrx_word' id='word_1_125' title='bbox 1122 1171 1213 1201; x_wconf 94' lang='lat' dir='ltr'>eos</span> <span class='ocrx_word' id='word_1_126' title='bbox 1243 1171 1357 1201; x_wconf 92' lang='lat' dir='ltr'>esse</span> <span class='ocrx_word' id='word_1_127' title='bbox 1386 1159 1438 1200; x_wconf 95' lang='lat' dir='ltr'>in</span> <span class='ocrx_word' id='word_1_128' title='bbox 1467 1158 1822 1212; x_wconf 90' lang='lat' dir='ltr'>superioribus</span> <span class='ocrx_word' id='word_1_129' title='bbox 1842 1158 2078 1211; x_wconf 90' lang='lat' dir='ltr'>partibus</span> <span class='ocrx_word' id='word_1_130' title='bbox 2100 1158 2234 1200; x_wconf 76' lang='lat' dir='ltr'>aeris</span> <span class='ocrx_word' id='word_1_131' title='bbox 2254 1158 2445 1210; x_wconf 84' lang='lat' dir='ltr'>Terrae,</span> 
     </span>
     <span class='ocr_line' id='line_1_15' title="bbox 259 1229 2448 1284; baseline -0.002 -9"><span class='ocrx_word' id='word_1_132' title='bbox 259 1234 427 1275; x_wconf 90' lang='lat' dir='ltr'>siccos</span> <span class='ocrx_word' id='word_1_133' title='bbox 449 1232 751 1284; x_wconf 90' lang='lat' dir='ltr'>calidosque</span> <span class='ocrx_word' id='word_1_134' title='bbox 771 1242 996 1284; x_wconf 93' lang='lat' dir='ltr'>vapores</span> <span class='ocrx_word' id='word_1_135' title='bbox 1018 1241 1046 1272; x_wconf 93' lang='lat' dir='ltr'>e</span> <span class='ocrx_word' id='word_1_136' title='bbox 1066 1230 1194 1272; x_wconf 88' lang='lat' dir='ltr'>locis</span> <span class='ocrx_word' id='word_1_137' title='bbox 1215 1229 1595 1280; x_wconf 89' lang='lat' dir='ltr'>humilioribus,</span> <span class='ocrx_word' id='word_1_138' title='bbox 1618 1229 1707 1271; x_wconf 93' lang='lat' dir='ltr'>ubi</span> <span class='ocrx_word' id='word_1_139' title='bbox 1722 1231 1814 1271; x_wconf 75' lang='lat' dir='ltr'>aer</span> <span class='ocrx_word' id='word_1_140' title='bbox 1827 1229 2113 1282; x_wconf 91' lang='lat' dir='ltr'>principale</span> <span class='ocrx_word' id='word_1_141' title='bbox 2128 1230 2448 1271; x_wconf 90' lang='lat' dir='ltr'>elementum</span> 
     </span>
     <span class='ocr_line' id='line_1_16' title="bbox 259 1299 2449 1356; baseline -0.002 -11"><span class='ocrx_word' id='word_1_142' title='bbox 259 1306 407 1353; x_wconf 91' lang='lat' dir='ltr'>esset,</span> <span class='ocrx_word' id='word_1_143' title='bbox 430 1302 838 1356; x_wconf 85' lang='lat' dir='ltr'>proficiscentes,</span> <span class='ocrx_word' id='word_1_144' title='bbox 862 1301 948 1354; x_wconf 89' lang='lat' dir='ltr'>qui</span> <span class='ocrx_word' id='word_1_145' title='bbox 968 1301 1019 1342; x_wconf 93' lang='lat' dir='ltr'>in</span> <span class='ocrx_word' id='word_1_146' title='bbox 1039 1300 1278 1354; x_wconf 88' lang='lat' dir='ltr'>regiones</span> <span class='ocrx_word' id='word_1_147' title='bbox 1299 1300 1526 1351; x_wconf 89' lang='lat' dir='ltr'>altiores,</span> <span class='ocrx_word' id='word_1_148' title='bbox 1548 1299 1638 1342; x_wconf 92' lang='lat' dir='ltr'>ubi</span> <span class='ocrx_word' id='word_1_149' title='bbox 1657 1299 1785 1354; x_wconf 90' lang='lat' dir='ltr'>ignis</span> <span class='ocrx_word' id='word_1_150' title='bbox 1805 1301 2135 1353; x_wconf 69' lang='lat' dir='ltr'>praevaleret,</span> <span class='ocrx_word' id='word_1_151' title='bbox 2159 1299 2348 1342; x_wconf 90' lang='lat' dir='ltr'>elevati</span> <span class='ocrx_word' id='word_1_152' title='bbox 2361 1299 2449 1342; x_wconf 93' lang='lat' dir='ltr'>ibi-</span> 
     </span>
     <span class='ocr_line' id='line_1_17' title="bbox 259 1370 2448 1427; baseline -0.001 -12"><span class='ocrx_word' id='word_1_153' title='bbox 259 1386 358 1427; x_wconf 91' lang='lat' dir='ltr'>que</span> <span class='ocrx_word' id='word_1_154' title='bbox 386 1373 594 1415; x_wconf 92' lang='lat' dir='ltr'>accensi</span> <span class='ocrx_word' id='word_1_155' title='bbox 620 1376 806 1415; x_wconf 89' lang='lat' dir='ltr'>essent.</span> <span class='ocrx_word' id='word_1_156' title='bbox 836 1372 971 1414; x_wconf 90' lang='lat' dir='ltr'>Huic</span> <span class='ocrx_word' id='word_1_157' title='bbox 994 1371 1224 1425; x_wconf 91' lang='lat' dir='ltr'>opinioni</span> <span class='ocrx_word' id='word_1_158' title='bbox 1245 1371 1494 1413; x_wconf 90' lang='lat' dir='ltr'>SENECA</span> <span class='ocrx_word' id='word_1_159' title='bbox 1517 1370 1729 1424; x_wconf 91' lang='lat' dir='ltr'>quidem</span> <span class='ocrx_word' id='word_1_160' title='bbox 1751 1374 1934 1412; x_wconf 91' lang='lat' dir='ltr'>contra</span> <span class='ocrx_word' id='word_1_161' title='bbox 1962 1370 2181 1421; x_wconf 87' lang='lat' dir='ltr'>dixerat,</span> <span class='ocrx_word' id='word_1_162' title='bbox 2211 1371 2448 1413; x_wconf 87' lang='lat' dir='ltr'>caelestes</span> 
     </span>
     <span class='ocr_line' id='line_1_18' title="bbox 259 1440 2446 1497; baseline -0.001 -11"><span class='ocrx_word' id='word_1_163' title='bbox 259 1456 349 1486; x_wconf 92' lang='lat' dir='ltr'>eos</span> <span class='ocrx_word' id='word_1_164' title='bbox 370 1455 483 1486; x_wconf 93' lang='lat' dir='ltr'>esse</span> <span class='ocrx_word' id='word_1_165' title='bbox 505 1447 762 1497; x_wconf 88' lang='lat' dir='ltr'>oportere,</span> <span class='ocrx_word' id='word_1_166' title='bbox 786 1443 1037 1496; x_wconf 92' lang='lat' dir='ltr'>quoniam</span> <span class='ocrx_word' id='word_1_167' title='bbox 1057 1445 1215 1484; x_wconf 92' lang='lat' dir='ltr'>vento</span> <span class='ocrx_word' id='word_1_168' title='bbox 1237 1454 1299 1484; x_wconf 92' lang='lat' dir='ltr'>ac</span> <span class='ocrx_word' id='word_1_169' title='bbox 1320 1444 1633 1495; x_wconf 87' lang='lat' dir='ltr'>tempestate</span> <span class='ocrx_word' id='word_1_170' title='bbox 1655 1453 1760 1484; x_wconf 93' lang='lat' dir='ltr'>non</span> <span class='ocrx_word' id='word_1_171' title='bbox 1782 1440 2120 1483; x_wconf 90' lang='lat' dir='ltr'>afficerentur</span> <span class='ocrx_word' id='word_1_172' title='bbox 2133 1444 2183 1483; x_wconf 90' lang='lat' dir='ltr'>et</span> <span class='ocrx_word' id='word_1_173' title='bbox 2198 1441 2446 1483; x_wconf 91' lang='lat' dir='ltr'>continuo</span> 
     </span>
     <span class='ocr_line' id='line_1_19' title="bbox 259 1511 2448 1566; baseline -0.001 -10"><span class='ocrx_word' id='word_1_174' title='bbox 259 1526 414 1557; x_wconf 91' lang='lat' dir='ltr'>cursu</span> <span class='ocrx_word' id='word_1_175' title='bbox 441 1517 793 1556; x_wconf 87' lang='lat' dir='ltr'>moverentur.</span> <span class='ocrx_word' id='word_1_176' title='bbox 824 1513 955 1555; x_wconf 85' lang='lat' dir='ltr'>Haec</span> <span class='ocrx_word' id='word_1_177' title='bbox 981 1517 1163 1555; x_wconf 91' lang='lat' dir='ltr'>tamen</span> <span class='ocrx_word' id='word_1_178' title='bbox 1190 1512 1363 1566; x_wconf 92' lang='lat' dir='ltr'>opinio</span> <span class='ocrx_word' id='word_1_179' title='bbox 1392 1512 1567 1555; x_wconf 93' lang='lat' dir='ltr'>medio</span> <span class='ocrx_word' id='word_1_180' title='bbox 1588 1523 1708 1554; x_wconf 87' lang='lat' dir='ltr'>aevo</span> <span class='ocrx_word' id='word_1_181' title='bbox 1729 1523 1835 1554; x_wconf 91' lang='lat' dir='ltr'>non</span> <span class='ocrx_word' id='word_1_182' title='bbox 1855 1511 2205 1565; x_wconf 90' lang='lat' dir='ltr'>recipiebatur</span> <span class='ocrx_word' id='word_1_183' title='bbox 2225 1523 2321 1554; x_wconf 93' lang='lat' dir='ltr'>nec</span> <span class='ocrx_word' id='word_1_184' title='bbox 2342 1511 2448 1553; x_wconf 91' lang='lat' dir='ltr'>vin-</span> 
     </span>
     <span class='ocr_line' id='line_1_20' title="bbox 258 1582 2449 1639; baseline -0.001 -12"><span class='ocrx_word' id='word_1_185' title='bbox 258 1597 377 1628; x_wconf 90' lang='lat' dir='ltr'>cere</span> <span class='ocrx_word' id='word_1_186' title='bbox 397 1588 617 1639; x_wconf 91' lang='lat' dir='ltr'>poterat,</span> <span class='ocrx_word' id='word_1_187' title='bbox 643 1584 894 1637; x_wconf 90' lang='lat' dir='ltr'>quamdiu</span> <span class='ocrx_word' id='word_1_188' title='bbox 914 1584 1218 1626; x_wconf 90' lang='lat' dir='ltr'>Aristoteles</span> <span class='ocrx_word' id='word_1_189' title='bbox 1238 1583 1586 1637; x_wconf 79' lang='lat' dir='ltr'>philosophiae</span> <span class='ocrx_word' id='word_1_190' title='bbox 1607 1586 1658 1625; x_wconf 93' lang='lat' dir='ltr'>et</span> <span class='ocrx_word' id='word_1_191' title='bbox 1676 1582 1908 1636; x_wconf 89' lang='lat' dir='ltr'>physicis</span> <span class='ocrx_word' id='word_1_192' title='bbox 1929 1594 2191 1636; x_wconf 88' lang='lat' dir='ltr'>1mperare</span> <span class='ocrx_word' id='word_1_193' title='bbox 2211 1593 2449 1636; x_wconf 91' lang='lat' dir='ltr'>perseve-</span> 
     </span>
     <span class='ocr_line' id='line_1_21' title="bbox 258 1653 2447 1698; baseline -0.001 -1"><span class='ocrx_word' id='word_1_194' title='bbox 258 1657 423 1698; x_wconf 89' lang='lat' dir='ltr'>rabat.</span> <span class='ocrx_word' id='word_1_195' title='bbox 463 1655 662 1697; x_wconf 90' lang='lat' dir='ltr'>Primus</span> <span class='ocrx_word' id='word_1_196' title='bbox 701 1654 1277 1697; x_wconf 89' lang='lat' dir='ltr'>REGIOMONTANUS</span> <span class='ocrx_word' id='word_1_197' title='bbox 1319 1654 1556 1695; x_wconf 91' lang='lat' dir='ltr'>animum</span> <span class='ocrx_word' id='word_1_198' title='bbox 1590 1655 1657 1696; x_wconf 92' lang='lat' dir='ltr'>ad</span> <span class='ocrx_word' id='word_1_199' title='bbox 1691 1665 1781 1696; x_wconf 92' lang='lat' dir='ltr'>eos</span> <span class='ocrx_word' id='word_1_200' title='bbox 1813 1653 2030 1695; x_wconf 90' lang='lat' dir='ltr'>intendit</span> <span class='ocrx_word' id='word_1_201' title='bbox 2062 1657 2112 1695; x_wconf 88' lang='lat' dir='ltr'>et</span> <span class='ocrx_word' id='word_1_202' title='bbox 2145 1653 2447 1695; x_wconf 90' lang='lat' dir='ltr'>distantiam</span> 
     </span>
     <span class='ocr_line' id='line_1_22' title="bbox 259 1723 2448 1778; baseline -0.001 -10"><span class='ocrx_word' id='word_1_203' title='bbox 259 1738 443 1769; x_wconf 90' lang='lat' dir='ltr'>eorum</span> <span class='ocrx_word' id='word_1_204' title='bbox 468 1739 498 1768; x_wconf 94' lang='lat' dir='ltr'>a</span> <span class='ocrx_word' id='word_1_205' title='bbox 521 1726 680 1767; x_wconf 90' lang='lat' dir='ltr'>Terra</span> <span class='ocrx_word' id='word_1_206' title='bbox 706 1725 922 1767; x_wconf 90' lang='lat' dir='ltr'>definire</span> <span class='ocrx_word' id='word_1_207' title='bbox 948 1728 1169 1768; x_wconf 84' lang='lat' dir='ltr'>conatus</span> <span class='ocrx_word' id='word_1_208' title='bbox 1196 1728 1287 1767; x_wconf 90' lang='lat' dir='ltr'>est.</span> <span class='ocrx_word' id='word_1_209' title='bbox 1317 1724 1418 1767; x_wconf 90' lang='lat' dir='ltr'>Sed</span> <span class='ocrx_word' id='word_1_210' title='bbox 1445 1725 1566 1778; x_wconf 91' lang='lat' dir='ltr'>quia</span> <span class='ocrx_word' id='word_1_211' title='bbox 1593 1725 1743 1767; x_wconf 90' lang='lat' dir='ltr'>bonis</span> <span class='ocrx_word' id='word_1_212' title='bbox 1766 1724 2122 1766; x_wconf 89' lang='lat' dir='ltr'>instrumentis</span> <span class='ocrx_word' id='word_1_213' title='bbox 2151 1736 2213 1766; x_wconf 93' lang='grc'>30</span> <span class='ocrx_word' id='word_1_214' title='bbox 2241 1723 2448 1766; x_wconf 92' lang='lat' dir='ltr'>rationi-</span> 
     </span>
     <span class='ocr_line' id='line_1_23' title="bbox 259 1795 2448 1850; baseline -0.001 -11"><span class='ocrx_word' id='word_1_215' title='bbox 259 1798 355 1839; x_wconf 92' lang='lat' dir='ltr'>bus</span> <span class='ocrx_word' id='word_1_216' title='bbox 381 1796 579 1839; x_wconf 92' lang='lat' dir='ltr'>idoneis</span> <span class='ocrx_word' id='word_1_217' title='bbox 606 1795 881 1850; x_wconf 89' lang='lat' dir='ltr'>indigebat,</span> <span class='ocrx_word' id='word_1_218' title='bbox 909 1796 1012 1838; x_wconf 94' lang='lat' dir='ltr'>hoc</span> <span class='ocrx_word' id='word_1_219' title='bbox 1040 1797 1212 1838; x_wconf 91' lang='lat' dir='ltr'>solum</span> <span class='ocrx_word' id='word_1_220' title='bbox 1240 1795 1413 1838; x_wconf 93' lang='lat' dir='ltr'>dicere</span> <span class='ocrx_word' id='word_1_221' title='bbox 1440 1799 1662 1849; x_wconf 89' lang='lat' dir='ltr'>poterat,</span> <span class='ocrx_word' id='word_1_222' title='bbox 1694 1798 1963 1837; x_wconf 91' lang='lat' dir='ltr'>cometam</span> <span class='ocrx_word' id='word_1_223' title='bbox 1991 1795 2113 1837; x_wconf 89' lang='lat' dir='ltr'>anni</span> <span class='ocrx_word' id='word_1_224' title='bbox 2143 1795 2254 1836; x_wconf 87' lang='lat'>1472</span> <span class='ocrx_word' id='word_1_225' title='bbox 2279 1796 2448 1848; x_wconf 91' lang='lat' dir='ltr'>paral-</span> 
     </span>
     <span class='ocr_line' id='line_1_24' title="bbox 258 1865 2447 1921; baseline 0 -13"><span class='ocrx_word' id='word_1_226' title='bbox 258 1867 399 1909; x_wconf 91' lang='lat' dir='ltr'>laxin</span> <span class='ocrx_word' id='word_1_227' title='bbox 426 1867 683 1921; x_wconf 89' lang='lat' dir='ltr'>maj0rem</span> <span class='ocrx_word' id='word_1_228' title='bbox 711 1879 871 1919; x_wconf 91' lang='lat' dir='ltr'>quam</span> <span class='ocrx_word' id='word_1_229' title='bbox 898 1867 948 1908; x_wconf 84' lang='lat'>60</span> <span class='ocrx_word' id='word_1_230' title='bbox 973 1867 1171 1909; x_wconf 91' lang='lat' dir='ltr'>habere</span> <span class='ocrx_word' id='word_1_231' title='bbox 1198 1878 1303 1908; x_wconf 94' lang='lat' dir='ltr'>non</span> <span class='ocrx_word' id='word_1_232' title='bbox 1329 1877 1498 1919; x_wconf 92' lang='lat' dir='ltr'>posse.</span> <span class='ocrx_word' id='word_1_233' title='bbox 1528 1866 1632 1908; x_wconf 89' lang='lat' dir='ltr'>Etsi</span> <span class='ocrx_word' id='word_1_234' title='bbox 1658 1869 1776 1919; x_wconf 91' lang='lat' dir='ltr'>post</span> <span class='ocrx_word' id='word_1_235' title='bbox 1803 1867 1911 1921; x_wconf 93' lang='lat' dir='ltr'>ejus</span> <span class='ocrx_word' id='word_1_236' title='bbox 1937 1869 2146 1919; x_wconf 90' lang='lat' dir='ltr'>tempus</span> <span class='ocrx_word' id='word_1_237' title='bbox 2173 1865 2340 1920; x_wconf 89' lang='lat' dir='ltr'>magis</span> <span class='ocrx_word' id='word_1_238' title='bbox 2361 1866 2447 1908; x_wconf 92' lang='lat' dir='ltr'>ad-</span> 
     </span>
     <span class='ocr_line' id='line_1_25' title="bbox 258 1936 2446 1990; baseline -0 -11"><span class='ocrx_word' id='word_1_239' title='bbox 258 1938 596 1980; x_wconf 89' lang='lat' dir='ltr'>vertebantur</span> <span class='ocrx_word' id='word_1_240' title='bbox 623 1937 783 1979; x_wconf 90' lang='lat' dir='ltr'>animi</span> <span class='ocrx_word' id='word_1_241' title='bbox 809 1938 876 1979; x_wconf 93' lang='lat' dir='ltr'>ad</span> <span class='ocrx_word' id='word_1_242' title='bbox 904 1940 1155 1987; x_wconf 92' lang='lat' dir='ltr'>cometas,</span> <span class='ocrx_word' id='word_1_243' title='bbox 1186 1937 1406 1990; x_wconf 74' lang='lat' dir='ltr'>quaestio</span> <span class='ocrx_word' id='word_1_244' title='bbox 1432 1940 1612 1979; x_wconf 87' lang='lat' dir='ltr'>tamen</span> <span class='ocrx_word' id='word_1_245' title='bbox 1633 1938 1697 1979; x_wconf 92' lang='lat' dir='ltr'>de</span> <span class='ocrx_word' id='word_1_246' title='bbox 1719 1948 1904 1979; x_wconf 92' lang='lat' dir='ltr'>eorum</span> <span class='ocrx_word' id='word_1_247' title='bbox 1926 1936 2186 1987; x_wconf 86' lang='lat' dir='ltr'>distantia,</span> <span class='ocrx_word' id='word_1_248' title='bbox 2215 1948 2446 1990; x_wconf 89' lang='lat' dir='ltr'>quacum</span> 
     </span>
     <span class='ocr_line' id='line_1_26' title="bbox 260 2007 2444 2064; baseline 0 -15"><span class='ocrx_word' id='word_1_249' title='bbox 260 2009 538 2062; x_wconf 89' lang='lat' dir='ltr'>conjuncta</span> <span class='ocrx_word' id='word_1_250' title='bbox 560 2011 670 2049; x_wconf 92' lang='lat' dir='ltr'>erat</span> <span class='ocrx_word' id='word_1_251' title='bbox 686 2009 849 2050; x_wconf 90' lang='lat' dir='ltr'>altera</span> <span class='ocrx_word' id='word_1_252' title='bbox 865 2009 928 2050; x_wconf 91' lang='lat' dir='ltr'>de</span> <span class='ocrx_word' id='word_1_253' title='bbox 944 2011 1131 2049; x_wconf 90' lang='lat' dir='ltr'>natura</span> <span class='ocrx_word' id='word_1_254' title='bbox 1147 2019 1347 2059; x_wconf 90' lang='lat' dir='ltr'>eorum,</span> <span class='ocrx_word' id='word_1_255' title='bbox 1371 2007 1905 2064; x_wconf 55' lang='lat' dir='ltr'>nondumjdijudicata</span> <span class='ocrx_word' id='word_1_256' title='bbox 1920 2011 2046 2050; x_wconf 88' lang='lat' dir='ltr'>erat.</span> <span class='ocrx_word' id='word_1_257' title='bbox 2069 2007 2444 2049; x_wconf 90' lang='lat' dir='ltr'>TYCHONEM</span> 
     </span>
     <span class='ocr_line' id='line_1_27' title="bbox 259 2078 2447 2132; baseline 0 -13"><span class='ocrx_word' id='word_1_258' title='bbox 259 2078 484 2120; x_wconf 88' lang='lat' dir='ltr'>vidimus</span> <span class='ocrx_word' id='word_1_259' title='bbox 513 2078 564 2119; x_wconf 92' lang='lat' dir='ltr'>in</span> <span class='ocrx_word' id='word_1_260' title='bbox 593 2078 779 2132; x_wconf 90' lang='lat' dir='ltr'>primo,</span> <span class='ocrx_word' id='word_1_261' title='bbox 812 2090 969 2131; x_wconf 91' lang='lat' dir='ltr'>quern</span> <span class='ocrx_word' id='word_1_262' title='bbox 999 2078 1172 2129; x_wconf 89' lang='lat' dir='ltr'>edidit,</span> <span class='ocrx_word' id='word_1_263' title='bbox 1203 2078 1335 2121; x_wconf 92' lang='lat' dir='ltr'>libro</span> <span class='ocrx_word' id='word_1_264' title='bbox 1365 2090 1480 2121; x_wconf 92' lang='lat' dir='ltr'>sese</span> <span class='ocrx_word' id='word_1_265' title='bbox 1508 2078 1679 2132; x_wconf 90' lang='lat' dir='ltr'>primo</span> <span class='ocrx_word' id='word_1_266' title='bbox 1709 2090 1917 2131; x_wconf 91' lang='lat' dir='ltr'>quoque</span> <span class='ocrx_word' id='word_1_267' title='bbox 1943 2082 2182 2132; x_wconf 87' lang='lat' dir='ltr'>tempore</span> <span class='ocrx_word' id='word_1_268' title='bbox 2210 2079 2275 2120; x_wconf 91' lang='lat' dir='ltr'>de</span> <span class='ocrx_word' id='word_1_269' title='bbox 2301 2089 2364 2120; x_wconf 92' lang='lat' dir='ltr'>ea</span> <span class='ocrx_word' id='word_1_270' title='bbox 2390 2089 2447 2120; x_wconf 92' lang='lat' dir='ltr'>re</span> 
     </span>
     <span class='ocr_line' id='line_1_28' title="bbox 261 2148 2447 2203; baseline 0 -13"><span class='ocrx_word' id='word_1_271' title='bbox 261 2149 603 2201; x_wconf 85' lang='lat' dir='ltr'>quaesiturum</span> <span class='ocrx_word' id='word_1_272' title='bbox 641 2149 965 2202; x_wconf 88' lang='lat' dir='ltr'>promisisse;</span> <span class='ocrx_word' id='word_1_273' title='bbox 1007 2150 1163 2202; x_wconf 89' lang='lat' dir='ltr'>quod,</span> <span class='ocrx_word' id='word_1_274' title='bbox 1204 2161 1327 2191; x_wconf 93' lang='lat' dir='ltr'>cum</span> <span class='ocrx_word' id='word_1_275' title='bbox 1366 2161 1547 2191; x_wconf 92' lang='lat' dir='ltr'>mense</span> <span class='ocrx_word' id='word_1_276' title='bbox 1581 2149 1870 2191; x_wconf 92' lang='lat' dir='ltr'>Novembri</span> <span class='ocrx_word' id='word_1_277' title='bbox 1903 2149 2026 2191; x_wconf 91' lang='lat' dir='ltr'>anni</span> <span class='ocrx_word' id='word_1_278' title='bbox 2062 2149 2172 2191; x_wconf 87' lang='lat'>1577</span> <span class='ocrx_word' id='word_1_279' title='bbox 2206 2148 2447 2203; x_wconf 86' lang='lat' dir='ltr'>apparuit</span> 
     </span>
     <span class='ocr_line' id='line_1_29' title="bbox 260 2219 2447 2274; baseline 0 -14"><span class='ocrx_word' id='word_1_280' title='bbox 260 2231 479 2273; x_wconf 89' lang='lat' dir='ltr'>magnus</span> <span class='ocrx_word' id='word_1_281' title='bbox 500 2222 725 2270; x_wconf 90' lang='lat' dir='ltr'>cometa,</span> <span class='ocrx_word' id='word_1_282' title='bbox 748 2219 999 2272; x_wconf 85' lang='lat' dir='ltr'>praestitit.</span> <span class='ocrx_word' id='word_1_283' title='bbox 1025 2219 1262 2273; x_wconf 87' lang='lat' dir='ltr'>Amplius</span> <span class='ocrx_word' id='word_1_284' title='bbox 1284 2220 1416 2262; x_wconf 90' lang='lat' dir='ltr'>duos</span> <span class='ocrx_word' id='word_1_285' title='bbox 1438 2232 1645 2262; x_wconf 90' lang='lat' dir='ltr'>menses</span> <span class='ocrx_word' id='word_1_286' title='bbox 1665 2220 1750 2262; x_wconf 89' lang='lat' dir='ltr'>hic</span> <span class='ocrx_word' id='word_1_287' title='bbox 1773 2220 2089 2274; x_wconf 90' lang='lat' dir='ltr'>conspicuus</span> <span class='ocrx_word' id='word_1_288' title='bbox 2110 2223 2222 2262; x_wconf 90' lang='lat' dir='ltr'>erat</span> <span class='ocrx_word' id='word_1_289' title='bbox 2243 2223 2293 2262; x_wconf 88' lang='lat' dir='ltr'>et</span> <span class='ocrx_word' id='word_1_290' title='bbox 2308 2232 2339 2261; x_wconf 95' lang='lat' dir='ltr'>a</span> <span class='ocrx_word' id='word_1_291' title='bbox 2353 2219 2447 2272; x_wconf 91' lang='lat' dir='ltr'>Ty-</span> 
     </span>
     <span class='ocr_line' id='line_1_30' title="bbox 260 2289 2443 2345; baseline 0.001 -15"><span class='ocrx_word' id='word_1_292' title='bbox 260 2290 429 2331; x_wconf 90' lang='lat' dir='ltr'>chone</span> <span class='ocrx_word' id='word_1_293' title='bbox 461 2289 657 2342; x_wconf 89' lang='lat' dir='ltr'>paucis,</span> <span class='ocrx_word' id='word_1_294' title='bbox 694 2302 811 2342; x_wconf 85' lang='lat' dir='ltr'>quae</span> <span class='ocrx_word' id='word_1_295' title='bbox 843 2294 967 2332; x_wconf 92' lang='lat' dir='ltr'>tunc</span> <span class='ocrx_word' id='word_1_296' title='bbox 1000 2290 1316 2343; x_wconf 92' lang='lat' dir='ltr'>possidebat,</span> <span class='ocrx_word' id='word_1_297' title='bbox 1356 2291 1712 2333; x_wconf 91' lang='lat' dir='ltr'>instrumentis</span> <span class='ocrx_word' id='word_1_298' title='bbox 1745 2290 2014 2345; x_wconf 87' lang='lat' dir='ltr'>diligenter</span> <span class='ocrx_word' id='word_1_299' title='bbox 2046 2291 2443 2333; x_wconf 92' lang='lat' dir='ltr'>observabatur.</span> 
     </span>
     <span class='ocr_line' id='line_1_31' title="bbox 260 2359 2448 2414; baseline 0.001 -14"><span class='ocrx_word' id='word_1_300' title='bbox 260 2359 573 2401; x_wconf 88' lang='lat' dir='ltr'>Distantiam</span> <span class='ocrx_word' id='word_1_301' title='bbox 595 2360 777 2413; x_wconf 92' lang='lat' dir='ltr'>capitis</span> <span class='ocrx_word' id='word_1_302' title='bbox 799 2364 1024 2402; x_wconf 84' lang='lat' dir='ltr'>cometae</span> <span class='ocrx_word' id='word_1_303' title='bbox 1047 2373 1077 2402; x_wconf 95' lang='lat' dir='ltr'>a</span> <span class='ocrx_word' id='word_1_304' title='bbox 1100 2361 1457 2414; x_wconf 92' lang='lat' dir='ltr'>compluribus</span> <span class='ocrx_word' id='word_1_305' title='bbox 1478 2361 1636 2404; x_wconf 88' lang='lat' dir='ltr'>stellis</span> <span class='ocrx_word' id='word_1_306' title='bbox 1657 2361 1774 2403; x_wconf 87' lang='lat' dir='ltr'>fixis</span> <span class='ocrx_word' id='word_1_307' title='bbox 1792 2361 1941 2404; x_wconf 91' lang='lat' dir='ltr'>radio</span> <span class='ocrx_word' id='word_1_308' title='bbox 1957 2365 2007 2404; x_wconf 92' lang='lat' dir='ltr'>et</span> <span class='ocrx_word' id='word_1_309' title='bbox 2021 2364 2275 2413; x_wconf 87' lang='lat' dir='ltr'>sextante,</span> <span class='ocrx_word' id='word_1_310' title='bbox 2297 2361 2448 2404; x_wconf 89' lang='lat' dir='ltr'>inter-</span> 
     </span>
     <span class='ocr_line' id='line_1_32' title="bbox 260 2430 2447 2485; baseline 0.001 -14"><span class='ocrx_word' id='word_1_311' title='bbox 260 2430 386 2471; x_wconf 92' lang='lat' dir='ltr'>dum</span> <span class='ocrx_word' id='word_1_312' title='bbox 401 2441 527 2472; x_wconf 92' lang='lat' dir='ltr'>vero</span> <span class='ocrx_word' id='word_1_313' title='bbox 545 2431 868 2473; x_wconf 91' lang='lat' dir='ltr'>altitudinem</span> <span class='ocrx_word' id='word_1_314' title='bbox 887 2434 1042 2483; x_wconf 90' lang='lat' dir='ltr'>atque</span> <span class='ocrx_word' id='word_1_315' title='bbox 1064 2431 1393 2473; x_wconf 89' lang='lat' dir='ltr'>azimuthum</span> <span class='ocrx_word' id='word_1_316' title='bbox 1413 2433 1705 2485; x_wconf 90' lang='lat' dir='ltr'>quadrante</span> <span class='ocrx_word' id='word_1_317' title='bbox 1720 2431 1924 2474; x_wconf 91' lang='lat' dir='ltr'>minore</span> <span class='ocrx_word' id='word_1_318' title='bbox 1939 2432 2321 2474; x_wconf 91' lang='lat' dir='ltr'>dimetiebatur.</span> <span class='ocrx_word' id='word_1_319' title='bbox 2347 2431 2447 2474; x_wconf 85' lang='lat' dir='ltr'>Hae</span> 
     </span>
     <span class='ocr_line' id='line_1_33' title="bbox 260 2500 2447 2556; baseline 0.001 -15"><span class='ocrx_word' id='word_1_320' title='bbox 260 2500 653 2542; x_wconf 91' lang='lat' dir='ltr'>observationes</span> <span class='ocrx_word' id='word_1_321' title='bbox 679 2501 753 2552; x_wconf 87' lang='lat' dir='ltr'>iis,</span> <span class='ocrx_word' id='word_1_322' title='bbox 783 2513 913 2554; x_wconf 92' lang='lat' dir='ltr'>quas</span> <span class='ocrx_word' id='word_1_323' title='bbox 941 2502 1165 2543; x_wconf 88' lang='lat' dir='ltr'>aliorum</span> <span class='ocrx_word' id='word_1_324' title='bbox 1193 2506 1526 2545; x_wconf 88' lang='lat' dir='ltr'>cometarum</span> <span class='ocrx_word' id='word_1_325' title='bbox 1551 2506 1736 2556; x_wconf 92' lang='lat' dir='ltr'>postea</span> <span class='ocrx_word' id='word_1_326' title='bbox 1762 2502 1992 2554; x_wconf 90' lang='lat' dir='ltr'>instituit,</span> <span class='ocrx_word' id='word_1_327' title='bbox 2026 2503 2198 2544; x_wconf 94' lang='lat' dir='ltr'>minus</span> <span class='ocrx_word' id='word_1_328' title='bbox 2218 2502 2321 2545; x_wconf 85' lang='lat' dir='ltr'>illae</span> <span class='ocrx_word' id='word_1_329' title='bbox 2343 2502 2447 2555; x_wconf 93' lang='lat' dir='ltr'>qui-</span> 
     </span>
     <span class='ocr_line' id='line_1_34' title="bbox 259 2571 2446 2627; baseline 0.002 -16"><span class='ocrx_word' id='word_1_330' title='bbox 259 2571 380 2611; x_wconf 89' lang='lat' dir='ltr'>dem</span> <span class='ocrx_word' id='word_1_331' title='bbox 397 2574 662 2613; x_wconf 85' lang='lat' dir='ltr'>accuratae</span> <span class='ocrx_word' id='word_1_332' title='bbox 678 2575 846 2622; x_wconf 82' lang='lat' dir='ltr'>erant3</span> <span class='ocrx_word' id='word_1_333' title='bbox 864 2573 1029 2614; x_wconf 91' lang='lat' dir='ltr'>multo</span> <span class='ocrx_word' id='word_1_334' title='bbox 1044 2576 1224 2615; x_wconf 91' lang='lat' dir='ltr'>tamen</span> <span class='ocrx_word' id='word_1_335' title='bbox 1239 2573 1483 2615; x_wconf 90' lang='lat' dir='ltr'>meliores</span> <span class='ocrx_word' id='word_1_336' title='bbox 1498 2578 1647 2615; x_wconf 90' lang='lat' dir='ltr'>erant</span> <span class='ocrx_word' id='word_1_337' title='bbox 1658 2573 1770 2623; x_wconf 92' lang='lat' dir='ltr'>illis,</span> <span class='ocrx_word' id='word_1_338' title='bbox 1788 2585 1918 2626; x_wconf 90' lang='lat' dir='ltr'>quas</span> <span class='ocrx_word' id='word_1_339' title='bbox 1931 2573 2017 2615; x_wconf 93' lang='lat' dir='ltr'>alii</span> <span class='ocrx_word' id='word_1_340' title='bbox 2029 2573 2264 2627; x_wconf 90' lang='lat' dir='ltr'>ejusdem</span> <span class='ocrx_word' id='word_1_341' title='bbox 2275 2572 2446 2615; x_wconf 78' lang='lat' dir='ltr'>aetatis</span> 
     </span>
     <span class='ocr_line' id='line_1_35' title="bbox 260 2640 2446 2697; baseline 0.001 -15"><span class='ocrx_word' id='word_1_342' title='bbox 260 2640 627 2683; x_wconf 91' lang='lat' dir='ltr'>observatores</span> <span class='ocrx_word' id='word_1_343' title='bbox 647 2641 911 2684; x_wconf 90' lang='lat' dir='ltr'>instituere</span> <span class='ocrx_word' id='word_1_344' title='bbox 932 2646 1188 2695; x_wconf 90' lang='lat' dir='ltr'>poterant,</span> <span class='ocrx_word' id='word_1_345' title='bbox 1218 2647 1267 2685; x_wconf 91' lang='lat' dir='ltr'>et</span> <span class='ocrx_word' id='word_1_346' title='bbox 1294 2648 1434 2686; x_wconf 90' lang='lat' dir='ltr'>certe</span> <span class='ocrx_word' id='word_1_347' title='bbox 1456 2645 1965 2695; x_wconf 89' lang='lat' dir='ltr'>demonstraverunt,</span> <span class='ocrx_word' id='word_1_348' title='bbox 1995 2645 2195 2685; x_wconf 91' lang='lat' dir='ltr'>nullam</span> <span class='ocrx_word' id='word_1_349' title='bbox 2217 2655 2339 2685; x_wconf 91' lang='lat' dir='ltr'>eum</span> <span class='ocrx_word' id='word_1_350' title='bbox 2359 2656 2446 2697; x_wconf 91' lang='lat' dir='ltr'>pa-</span> 
     </span>
     <span class='ocr_line' id='line_1_36' title="bbox 258 2710 2446 2768; baseline 0.002 -17"><span class='ocrx_word' id='word_1_351' title='bbox 258 2710 479 2752; x_wconf 91' lang='lat' dir='ltr'>rallaxin</span> <span class='ocrx_word' id='word_1_352' title='bbox 498 2711 709 2762; x_wconf 90' lang='lat' dir='ltr'>habere,</span> <span class='ocrx_word' id='word_1_353' title='bbox 740 2725 858 2765; x_wconf 84' lang='lat' dir='ltr'>quae</span> <span class='ocrx_word' id='word_1_354' title='bbox 880 2713 1090 2765; x_wconf 89' lang='lat' dir='ltr'>quidem</span> <span class='ocrx_word' id='word_1_355' title='bbox 1112 2714 1359 2767; x_wconf 93' lang='lat' dir='ltr'>cognosci</span> <span class='ocrx_word' id='word_1_356' title='bbox 1378 2717 1570 2768; x_wconf 92' lang='lat' dir='ltr'>posset,</span> <span class='ocrx_word' id='word_1_357' title='bbox 1599 2726 1663 2756; x_wconf 90' lang='lat' dir='ltr'>ex</span> <span class='ocrx_word' id='word_1_358' title='bbox 1691 2725 1795 2767; x_wconf 93' lang='lat' dir='ltr'>quo</span> <span class='ocrx_word' id='word_1_359' title='bbox 1816 2725 1938 2756; x_wconf 91' lang='lat' dir='ltr'>eum</span> <span class='ocrx_word' id='word_1_360' title='bbox 1959 2725 2065 2756; x_wconf 91' lang='lat' dir='ltr'>non</span> <span class='ocrx_word' id='word_1_361' title='bbox 2085 2715 2247 2756; x_wconf 91' lang='lat' dir='ltr'>modo</span> <span class='ocrx_word' id='word_1_362' title='bbox 2268 2725 2374 2756; x_wconf 90' lang='lat' dir='ltr'>non</span> <span class='ocrx_word' id='word_1_363' title='bbox 2394 2714 2446 2756; x_wconf 93' lang='lat' dir='ltr'>in</span> 
     </span>
     <span class='ocr_line' id='line_1_37' title="bbox 261 2781 2442 2838; baseline 0.003 -17"><span class='ocrx_word' id='word_1_364' title='bbox 261 2783 381 2822; x_wconf 79' lang='lat' dir='ltr'>aere</span> <span class='ocrx_word' id='word_1_365' title='bbox 401 2792 456 2822; x_wconf 93' lang='lat' dir='ltr'>se</span> <span class='ocrx_word' id='word_1_366' title='bbox 478 2781 721 2832; x_wconf 90' lang='lat' dir='ltr'>movisse,</span> <span class='ocrx_word' id='word_1_367' title='bbox 743 2783 833 2824; x_wconf 92' lang='lat' dir='ltr'>sed</span> <span class='ocrx_word' id='word_1_368' title='bbox 857 2783 1014 2824; x_wconf 90' lang='lat' dir='ltr'>etiam</span> <span class='ocrx_word' id='word_1_369' title='bbox 1031 2785 1194 2826; x_wconf 92' lang='lat' dir='ltr'>multo</span> <span class='ocrx_word' id='word_1_370' title='bbox 1210 2785 1410 2838; x_wconf 92' lang='lat' dir='ltr'>longius</span> <span class='ocrx_word' id='word_1_371' title='bbox 1427 2797 1588 2838; x_wconf 91' lang='lat' dir='ltr'>quam</span> <span class='ocrx_word' id='word_1_372' title='bbox 1603 2785 1811 2826; x_wconf 91' lang='lat' dir='ltr'>Lunam</span> <span class='ocrx_word' id='word_1_373' title='bbox 1827 2784 2020 2826; x_wconf 91' lang='lat' dir='ltr'>distare</span> <span class='ocrx_word' id='word_1_374' title='bbox 2038 2784 2208 2838; x_wconf 92' lang='lat' dir='ltr'>colligi</span> <span class='ocrx_word' id='word_1_375' title='bbox 2221 2787 2442 2838; x_wconf 90' lang='lat' dir='ltr'>poterat.</span> 
     </span>
     <span class='ocr_line' id='line_1_38' title="bbox 260 2850 2446 2906; baseline 0.002 -14"><span class='ocrx_word' id='word_1_376' title='bbox 260 2850 376 2892; x_wconf 90' lang='lat' dir='ltr'>Hoc</span> <span class='ocrx_word' id='word_1_377' title='bbox 399 2851 757 2894; x_wconf 88' lang='lat' dir='ltr'>demonstrato</span> <span class='ocrx_word' id='word_1_378' title='bbox 780 2854 950 2896; x_wconf 92' lang='lat' dir='ltr'>denuo</span> <span class='ocrx_word' id='word_1_379' title='bbox 972 2854 1291 2896; x_wconf 90' lang='lat' dir='ltr'>labefactata</span> <span class='ocrx_word' id='word_1_380' title='bbox 1312 2858 1389 2897; x_wconf 94' lang='lat' dir='ltr'>est</span> <span class='ocrx_word' id='word_1_381' title='bbox 1409 2858 1664 2897; x_wconf 90' lang='lat' dir='ltr'>sentent1a</span> <span class='ocrx_word' id='word_1_382' title='bbox 1678 2855 2023 2906; x_wconf 90' lang='lat' dir='ltr'>Aristotelica,</span> <span class='ocrx_word' id='word_1_383' title='bbox 2046 2855 2098 2897; x_wconf 93' lang='lat' dir='ltr'>in</span> <span class='ocrx_word' id='word_1_384' title='bbox 2118 2855 2350 2897; x_wconf 87' lang='lat' dir='ltr'>aetherea</span> <span class='ocrx_word' id='word_1_385' title='bbox 2370 2867 2446 2897; x_wconf 89' lang='lat' dir='ltr'>re-</span> 
     </span>
     <span class='ocr_line' id='line_1_39' title="bbox 259 2920 2444 2978; baseline 0.002 -16"><span class='ocrx_word' id='word_1_386' title='bbox 259 2920 408 2974; x_wconf 88' lang='lat' dir='ltr'>gione</span> <span class='ocrx_word' id='word_1_387' title='bbox 430 2922 607 2963; x_wconf 92' lang='lat' dir='ltr'>omnia</span> <span class='ocrx_word' id='word_1_388' title='bbox 628 2934 741 2964; x_wconf 93' lang='lat' dir='ltr'>esse</span> <span class='ocrx_word' id='word_1_389' title='bbox 755 2923 1123 2975; x_wconf 90' lang='lat' dir='ltr'>immutabilia;</span> <span class='ocrx_word' id='word_1_390' title='bbox 1146 2924 1376 2978; x_wconf 89' lang='lat' dir='ltr'>primum</span> <span class='ocrx_word' id='word_1_391' title='bbox 1395 2925 1607 2978; x_wconf 92' lang='lat' dir='ltr'>quidem</span> <span class='ocrx_word' id='word_1_392' title='bbox 1622 2925 1942 2967; x_wconf 85' lang='lat' dir='ltr'>labefactata</span> <span class='ocrx_word' id='word_1_393' title='bbox 1958 2929 2085 2975; x_wconf 93' lang='lat' dir='ltr'>erat,</span> <span class='ocrx_word' id='word_1_394' title='bbox 2108 2937 2231 2968; x_wconf 89' lang='lat' dir='ltr'>cum</span> <span class='ocrx_word' id='word_1_395' title='bbox 2247 2936 2444 2967; x_wconf 91' lang='lat' dir='ltr'>novam</span> 
     </span>
     <span class='ocr_line' id='line_1_40' title="bbox 259 2992 2445 3048; baseline 0.003 -17"><span class='ocrx_word' id='word_1_396' title='bbox 259 2992 464 3032; x_wconf 89' lang='lat' dir='ltr'>stellam</span> <span class='ocrx_word' id='word_1_397' title='bbox 486 2993 552 3033; x_wconf 91' lang='lat' dir='ltr'>ad</span> <span class='ocrx_word' id='word_1_398' title='bbox 573 2992 709 3035; x_wconf 92' lang='lat' dir='ltr'>hanc</span> <span class='ocrx_word' id='word_1_399' title='bbox 732 2993 997 3046; x_wconf 89' lang='lat' dir='ltr'>regionem</span> <span class='ocrx_word' id='word_1_400' title='bbox 1018 2994 1276 3047; x_wconf 85' lang='lat' dir='ltr'>pertinere</span> <span class='ocrx_word' id='word_1_401' title='bbox 1296 2995 1334 3036; x_wconf 90' lang='lat' dir='ltr'>T</span> <span class='ocrx_word' id='word_1_402' title='bbox 1336 2995 1476 3048; x_wconf 90' lang='lat' dir='ltr'>ycho</span> <span class='ocrx_word' id='word_1_403' title='bbox 1499 2996 1906 3045; x_wconf 89' lang='lat' dir='ltr'>demonstraret;</span> <span class='ocrx_word' id='word_1_404' title='bbox 1936 2999 2147 3038; x_wconf 90' lang='lat' dir='ltr'>cometa</span> <span class='ocrx_word' id='word_1_405' title='bbox 2167 3007 2295 3038; x_wconf 90' lang='lat' dir='ltr'>vero</span> <span class='ocrx_word' id='word_1_406' title='bbox 2323 2996 2445 3038; x_wconf 93' lang='lat' dir='ltr'>anni</span> 
     </span>
     <span class='ocr_line' id='line_1_41' title="bbox 263 3062 2443 3119; baseline 0.003 -18"><span class='ocrx_word' id='word_1_407' title='bbox 263 3062 388 3111; x_wconf 83' lang='lat'>1577,</span> <span class='ocrx_word' id='word_1_408' title='bbox 422 3065 602 3115; x_wconf 89' lang='lat' dir='ltr'>utpote</span> <span class='ocrx_word' id='word_1_409' title='bbox 635 3063 721 3115; x_wconf 92' lang='lat' dir='ltr'>qui</span> <span class='ocrx_word' id='word_1_410' title='bbox 754 3064 820 3104; x_wconf 90' lang='lat' dir='ltr'>ad</span> <span class='ocrx_word' id='word_1_411' title='bbox 852 3064 1005 3105; x_wconf 89' lang='lat' dir='ltr'>latius</span> <span class='ocrx_word' id='word_1_412' title='bbox 1037 3068 1221 3117; x_wconf 91' lang='lat' dir='ltr'>patens</span> <span class='ocrx_word' id='word_1_413' title='bbox 1253 3066 1730 3118; x_wconf 87' lang='lat' dir='ltr'>phaenomenorum</span> <span class='ocrx_word' id='word_1_414' title='bbox 1763 3077 1922 3119; x_wconf 91' lang='lat' dir='ltr'>genus</span> <span class='ocrx_word' id='word_1_415' title='bbox 1954 3066 2250 3119; x_wconf 87' lang='lat' dir='ltr'>pertineret,</span> <span class='ocrx_word' id='word_1_416' title='bbox 2284 3066 2443 3108; x_wconf 86' lang='lat' dir='ltr'>etiarn</span> 
     </span>
     <span class='ocr_line' id='line_1_42' title="bbox 259 3131 2444 3190; baseline 0.003 -19"><span class='ocrx_word' id='word_1_417' title='bbox 259 3131 449 3173; x_wconf 91' lang='lat' dir='ltr'>clarius</span> <span class='ocrx_word' id='word_1_418' title='bbox 482 3132 874 3181; x_wconf 84' lang='lat' dir='ltr'>demonstravit,</span> <span class='ocrx_word' id='word_1_419' title='bbox 914 3134 1280 3187; x_wconf 89' lang='lat' dir='ltr'>relinquendas</span> <span class='ocrx_word' id='word_1_420' title='bbox 1313 3147 1426 3177; x_wconf 94' lang='lat' dir='ltr'>esse</span> <span class='ocrx_word' id='word_1_421' title='bbox 1461 3136 1729 3189; x_wconf 92' lang='lat' dir='ltr'>opiniones</span> <span class='ocrx_word' id='word_1_422' title='bbox 1761 3136 2117 3178; x_wconf 92' lang='lat' dir='ltr'>Aristotelicas</span> <span class='ocrx_word' id='word_1_423' title='bbox 2151 3138 2215 3178; x_wconf 90' lang='lat' dir='ltr'>de</span> <span class='ocrx_word' id='word_1_424' title='bbox 2247 3136 2444 3190; x_wconf 90' lang='lat' dir='ltr'>legibus</span> 
     </span>
     <span class='ocr_line' id='line_1_43' title="bbox 258 3203 2443 3260; baseline 0.003 -18"><span class='ocrx_word' id='word_1_425' title='bbox 258 3205 475 3243; x_wconf 80' lang='lat' dir='ltr'>naturae.</span> <span class='ocrx_word' id='word_1_426' title='bbox 492 3203 529 3242; x_wconf 90' lang='lat' dir='ltr'><strong>T</strong></span> <span class='ocrx_word' id='word_1_427' title='bbox 532 3203 672 3255; x_wconf 91' lang='lat' dir='ltr'>ycho</span> <span class='ocrx_word' id='word_1_428' title='bbox 688 3214 792 3244; x_wconf 91' lang='lat' dir='ltr'>non</span> <span class='ocrx_word' id='word_1_429' title='bbox 806 3205 947 3245; x_wconf 90' lang='lat' dir='ltr'>solus</span> <span class='ocrx_word' id='word_1_430' title='bbox 962 3204 1044 3245; x_wconf 91' lang='lat' dir='ltr'>ille</span> <span class='ocrx_word' id='word_1_431' title='bbox 1060 3205 1271 3257; x_wconf 89' lang='lat' dir='ltr'>quidem</span> <span class='ocrx_word' id='word_1_432' title='bbox 1287 3205 1418 3246; x_wconf 90' lang='lat' dir='ltr'>inter</span> <span class='ocrx_word' id='word_1_433' title='bbox 1433 3210 1768 3248; x_wconf 89' lang='lat' dir='ltr'>astronomos</span> <span class='ocrx_word' id='word_1_434' title='bbox 1784 3210 2051 3248; x_wconf 90' lang='lat' dir='ltr'>cometam</span> <span class='ocrx_word' id='word_1_435' title='bbox 2067 3206 2267 3260; x_wconf 88' lang='lat' dir='ltr'>longius</span> <span class='ocrx_word' id='word_1_436' title='bbox 2283 3218 2443 3259; x_wconf 88' lang='lat' dir='ltr'>quam</span> 
     </span>
    </p>
   </div>
  </div>
 </body>
</html>
