2678 4069
731 313 1398 367 PROLEGOMENA
1427 319 1828 371 EDITORIS
2148 323 2371 373 XXXV

184 452 391 492 Lunam
413 450 598 492 abesse
620 451 824 503 reperit,
848 452 939 492 sed
962 463 1084 494 cum
1107 454 1215 507 ejus
1237 455 1630 499 observationes
1653 460 1817 500 multo
1840 460 2194 503 accuratiores
2210 473 2370 513 quam

182 520 465 574 aequalium
499 532 613 562 esse
643 524 925 571 constaret,
957 522 1110 575 hujus
1140 525 1393 567 sententia
1423 528 1538 579 plus
1569 529 1892 571 auctoritatis
1922 530 2117 573 habuit.
2155 532 2272 584 Ipso
2303 531 2372 572 vi-

182 594 337 633 vente
363 594 549 633 contra
577 591 1087 645 argumentationem
1116 595 1224 648 ejus
1250 607 1355 637 una
1379 598 1491 638 sola
1513 609 1616 639 vox
1637 600 1843 641 sublata
1865 603 1956 651 est,
1985 602 2076 643 sed
2096 604 2242 643 tanto
2265 614 2371 643 ma-

176 663 349 717 jorem
376 661 651 715 strepitum
678 661 852 704 edidit.
884 662 1120 705 Medicus
1148 664 1362 716 quidam
1390 667 1591 718 Scotus,
1625 669 1913 712 IOANNES
1941 672 2264 722 CRAIGIUS,
2292 672 2371 713 vir

183 732 452 785 ceteroqui
477 733 633 786 plane
659 733 879 786 ignotus,
908 733 1129 786 gloriam
1151 736 1419 787 quandam
1442 738 1858 782 Herostraticam
1881 742 2099 795 adeptus
2127 745 2218 792 est,
2247 754 2369 784 cum

183 803 693 858 argumentationem
714 803 911 845 summi
926 805 1217 846 astronomi
1231 805 1422 848 falsam
1438 820 1550 850 esse
1566 812 1923 861 contenderet;
1948 812 2034 865 qui
2049 816 2232 854 contra
2248 825 2368 855 eum

181 873 506 928 ApologIam
536 873 765 916 scribere
792 885 899 916 non
925 877 1002 916 est
1029 875 1350 929 dedignatus.
1382 878 1511 920 Haec
1539 881 1676 933 typis
1701 882 1960 935 descripta
1982 886 2057 924 est
2080 895 2216 925 anno
2243 884 2367 931 1591,

182 957 350 999 neque
370 946 536 987 ullum
557 945 861 998 exemplum
882 956 1019 986 nunc
1043 949 1248 988 exstare
1271 952 1495 997 constat;
1519 951 1667 993 nobis
1688 955 1866 994 tamen
1887 953 2111 1007 contigit,
2134 958 2189 995 ut
2203 954 2253 996 in
2268 955 2367 996 hac

183 1016 408 1059 editione
429 1027 457 1058 e
478 1015 662 1058 codice
683 1027 845 1057 manu
866 1015 1062 1069 scripto
1086 1016 1292 1069 publice
1319 1030 1438 1059 eam
1463 1021 1834 1063 emitteremus.
1866 1023 2029 1076 Magis
2057 1024 2248 1065 mirum
2276 1029 2366 1075 est,

182 1087 323 1141 quod
344 1090 463 1140 post
484 1098 650 1129 annos
667 1085 891 1139 amplius
907 1086 1252 1141 quadraginta
1267 1100 1331 1130 ne
1347 1089 1673 1133 GALILAEO
1691 1093 1900 1144 quidem
1916 1105 2225 1146 persuasum
2241 1099 2367 1146 erat,

182 1161 420 1200 cometas
447 1158 646 1199 nullam
672 1157 871 1199 habere
896 1157 1213 1210 parallaxim
1244 1160 1383 1211 quod
1411 1161 1582 1203 denuo
1602 1166 1836 1214 testatur,
1865 1163 2024 1215 illum,
2054 1165 2139 1217 qui
2159 1177 2369 1207 summa

182 1228 392 1283 Kepleri
402 1228 614 1271 inventa
627 1229 867 1270 consulto
881 1228 1177 1282 neglexerit,
1196 1229 1262 1271 ab
1276 1232 1599 1273 astronomia
1613 1237 1813 1284 exacta,
1832 1246 1950 1286 quae
1963 1247 2055 1287 per
2064 1236 2101 1276 T
2104 1236 2368 1288 ychonem

181 1303 232 1342 et
253 1300 539 1353 Keplerum
559 1310 799 1341 summos
820 1310 1127 1353 progressus
1148 1299 1361 1350 fecerat,
1384 1313 1598 1354 prorsus
1620 1304 1846 1345 alienum
1868 1304 2038 1347 fuisse.
2064 1306 2368 1358 Tychonem

180 1374 323 1413 recte
332 1370 539 1421 vidisse,
552 1370 886 1413 KEPLERUS
900 1370 1168 1412 contendit
1180 1373 1336 1423 atque
1349 1372 1800 1416 observationibus
1812 1376 2025 1417 tandem
2037 1376 2368 1419 HEVELIUS

182 1441 533 1492 confirmavit,
565 1443 836 1495 sexaginta
866 1441 976 1483 fere
1007 1441 1156 1483 annis
1185 1445 1469 1495 postquam
1500 1455 1561 1485 ea
1592 1444 1807 1495 ratione,
1843 1458 1961 1498 quae
1992 1447 2248 1498 omnibus,
2284 1448 2369 1500 qui

180 1515 507 1567 praesumpta
530 1512 774 1565 0p1nione
794 1511 943 1554 liberi
964 1515 1151 1564 essent,
1175 1512 1300 1554 satis
1322 1513 1534 1564 faceret,
1556 1514 1736 1567 Tycho
1758 1516 2226 1559 demonstraverat.

241 1584 460 1626 Cometa
481 1582 605 1624 anni
628 1583 738 1624 1577
759 1582 1012 1636 peculiari
1032 1583 1325 1625 litterarum
1346 1584 1520 1638 generi
1540 1586 1716 1627 locum
1738 1586 1892 1637 dedit,
1916 1588 2056 1639 quod
2078 1599 2242 1630 annos
2264 1601 2370 1629 am-

180 1655 314 1709 plius
335 1658 548 1697 centum
568 1654 760 1704 floruit,
783 1653 965 1696 libellis
988 1657 1145 1707 atque
1166 1655 1631 1705 commentariolis,
1655 1656 1742 1708 qui
1762 1656 1932 1698 dirum
1948 1657 2064 1699 caeli
2078 1658 2368 1711 prodigium

181 1726 550 1768 describebant
576 1727 626 1767 et
651 1724 1022 1779 prr-,edictiones
1051 1725 1221 1768 omnis
1246 1725 1445 1780 generis
1467 1727 1531 1768 de
1553 1726 1704 1768 foedis
1725 1727 2009 1777 eventibus,
2039 1739 2168 1780 quos
2188 1740 2369 1770 secum

181 1798 464 1840 ducturum
498 1799 649 1848 esset,
684 1796 1038 1839 continebant.
1078 1796 1225 1839 Licet
1257 1796 1526 1850 suspicari,
1560 1797 1598 1837 T
1601 1797 1882 1850 ychonem,
1916 1801 1972 1839 ut
2003 1798 2369 1841 msulsissimos

181 1868 313 1911 inter
338 1868 437 1910 hos
463 1867 625 1909 libros
651 1867 919 1919 refutaret,
950 1879 1088 1910 anno
1115 1867 1407 1921 insequenti
1434 1868 1936 1910 commentationem
1967 1870 2034 1910 ad
2062 1870 2369 1922 popularem

180 1938 586 1993 intellegentiam
602 1939 1072 1981 accommodatam
1087 1938 1261 1993 lingua
1277 1939 1595 1981 Germanica
1610 1939 1996 1992 conscripsisse,
2020 1952 2178 1992 quam
2192 1942 2370 1980 tamen

180 2022 475 2064 numquam
495 2009 633 2063 typis
655 2009 1060 2052 describendam
1082 2010 1302 2061 curavit,
1325 2009 1476 2052 nobis
1497 2021 1624 2052 vero
1645 2021 1783 2052 nunc
1805 2010 1959 2051 edere
1979 2007 2111 2052 licet.

241 2082 504 2123 Concesso
525 2092 669 2131 vero,
693 2084 932 2123 cometas
954 2092 1354 2134 quoquoversus
1372 2092 1466 2135 per
1480 2081 1598 2123 caeli
1612 2080 1839 2134 spatium
1854 2080 2013 2122 libere
2028 2080 2244 2131 moveri,
2267 2092 2371 2122 non

174 2154 288 2207 jam
314 2152 457 2194 licuit
483 2151 678 2194 solidas
704 2151 944 2205 sphaeras
972 2153 1211 2194 caelestes
1239 2152 1470 2202 credere,
1499 2163 1631 2204 quas
1652 2151 1800 2193 multi
1819 2152 2124 2193 inveteratae
2145 2151 2372 2204 opinioni

180 2224 497 2266 inhaerentes
523 2223 762 2276 planetas
789 2222 1132 2265 circumferre
1159 2222 1544 2265 existimabant.
1576 2222 1756 2276 Tycho
1785 2225 1961 2263 autem
1988 2222 2187 2275 longius
2214 2222 2370 2263 etiam

180 2305 489 2348 progressus
510 2297 602 2344 est,
626 2305 750 2336 curn
772 2305 988 2336 cursum
1009 2296 1236 2336 cometae
1257 2293 1309 2335 in
1330 2293 1447 2336 caeli
1468 2293 1636 2347 spatio
1658 2293 1874 2335 definire
1895 2295 2188 2334 conaretur.
2212 2293 2284 2333 Ex
2303 2292 2372 2333 in—

181 2365 544 2419 quisitionibus
565 2364 672 2407 suis
693 2364 965 2415 conclusit,
989 2367 1257 2406 cometam
1278 2364 1329 2406 in
1351 2365 1477 2406 orbe
1496 2364 1739 2406 circulari
1753 2366 1901 2406 extra
1915 2362 2130 2404 Veneris
2146 2363 2371 2404 orbitam

180 2436 322 2478 circa
340 2436 518 2478 Solem
539 2435 759 2486 moveri,
780 2435 854 2477 ita
873 2438 930 2476 ut
950 2435 1187 2477 maxima
1209 2434 1469 2489 elongatio
1492 2447 1522 2476 a
1544 2435 1662 2477 Sole
1683 2434 1762 2476 600
1784 2445 1846 2476 ac
1868 2433 2083 2475 directio
2104 2436 2278 2474 motus
2298 2444 2372 2474 re-

178 2507 427 2561 trograda
455 2509 606 2549 esset.
637 2507 783 2549 Loca
811 2509 989 2548 autem
1017 2509 1244 2548 cometae
1272 2506 1555 2548 observata
1582 2517 1706 2547 cum
1733 2504 1978 2558 aequabili
2005 2507 2151 2545 motu
2171 2503 2222 2544 in
2244 2503 2369 2545 orbe

180 2577 423 2632 conjungi
443 2588 549 2619 non
568 2588 725 2631 posse
747 2577 793 2619 ei
812 2577 926 2619 visa
947 2580 1082 2628 sunt,
1111 2588 1235 2618 cum
1256 2576 1307 2618 in
1328 2576 1694 2631 conjunctione
1715 2575 1958 2617 inferiore
1977 2574 2288 2623 tardissime,
2318 2576 2370 2614 at

180 2659 244 2690 eo
264 2651 519 2702 tempore,
549 2659 653 2701 quo
674 2648 906 2702 primum
929 2648 1316 2697 observaretur,
1345 2647 1581 2697 celerius,
1609 2649 1722 2688 tum
1750 2647 1921 2688 denuo
1941 2644 2140 2687 tardius
2161 2647 2369 2686 cometa

180 2722 357 2761 motus
377 2730 494 2761 esse
513 2718 793 2761 videretur.
818 2719 972 2760 Hunc
995 2721 1202 2760 motum
1222 2730 1316 2772 per
1336 2718 1633 2772 epicyclum
1655 2716 1824 2759 creari
1844 2727 1998 2770 posse
2021 2714 2105 2766 ait,
2134 2714 2226 2756 sed
2247 2725 2368 2755 cum

179 2790 510 2843 inaequalitas
531 2800 638 2831 non
658 2790 830 2844 major
850 2792 988 2832 esset
1009 2801 1170 2843 quam
1191 2790 1217 2829 5
1232 2791 1257 2840 ‘,
1281 2788 1327 2830 ei
1347 2799 1453 2830 non
1468 2787 1826 2830 necessarium
1841 2786 2116 2828 videbatur
2128 2786 2231 2826 tale
2247 2783 2368 2837 quid

181 2860 496 2911 existimare,
520 2872 644 2902 cum
666 2861 730 2902 de
750 2860 1074 2914 temporario
1095 2862 1301 2901 tantum
1323 2870 1562 2912 corpore,
1586 2870 1691 2900 non
1712 2859 1776 2899 de
1796 2858 2020 2911 planeta,
2045 2858 2296 2909 ageretur,
2320 2857 2369 2895 et

179 2930 305 2972 illud
331 2930 557 2973 fortasse
584 2943 689 2974 non
716 2931 786 2973 ita
808 2934 1113 2973 constanter
1133 2929 1337 2972 moveri
1357 2929 1764 2971 existimandum
1787 2930 1936 2969 esset.
1966 2926 2066 2968 Sed
2086 2926 2187 2967 hoc
2210 2924 2367 2966 etiam

181 3002 343 3044 modo
370 3013 484 3044 rem
511 3014 567 3044 se
592 3002 791 3044 habere
817 3013 974 3056 posse
1002 3001 1329 3043 arbitratur1:
1366 2999 1509 3041 »Sive
1538 2999 1688 3053 igitur
1715 3001 1925 3040 cometa
1950 2997 2034 3038 hic
2062 2999 2239 3037 noster
2264 3006 2368 3036 non

180 3073 531 3126 undequaque
561 3076 611 3115 et
641 3072 896 3126 exquisite
925 3072 1211 3114 rotundum
1242 3071 1309 3112 ad
1336 3070 1511 3112 Solem
1543 3069 1834 3118 circuitum,
1866 3068 1959 3109 sed
1988 3066 2365 3119 aliquantulum

182 3143 559 3197 oblongiorem,
593 3143 644 3185 in
674 3143 896 3185 modum
925 3143 1124 3197 figurae,
1157 3153 1318 3194 quarn
1349 3141 1580 3182 ovadam
1610 3140 1764 3193 vulgo
1794 3140 2002 3188 vocant,
2038 3135 2361 3178 confecerit.«

181 3213 286 3255 Etsi
307 3213 534 3256 orbitam
555 3215 870 3256 circularem
888 3216 938 3256 et
952 3216 1158 3255 motum
1174 3211 1349 3264 aliqua
1365 3222 1429 3252 ex
1443 3214 1591 3264 parte
1606 3211 1991 3252 inconstantem
2007 3218 2119 3248 esse
2133 3204 2366 3259 Tychoni

181 3283 293 3326 veri
306 3284 524 3327 similius
535 3284 827 3335 videbatur,
843 3284 961 3326 haec
976 3287 1156 3325 tamen
1171 3282 1350 3331 verba,
1368 3280 1610 3334 quamvis
1626 3279 1822 3322 cursim
1838 3279 2041 3332 abjecta
2053 3277 2166 3327 sint,
2184 3278 2364 3317 notatu

243 3367 252 3391 ¹
275 3368 338 3401 De
358 3369 504 3402 mundi
522 3369 696 3403 aethetei
713 3368 1014 3403 recentioribus
1030 3366 1328 3411 phaenomenis
1347 3376 1384 3408 p.
1404 3365 1478 3399 194.

323 3437 412 3479 (E*)
