2678 4069
265 172 455 224 XXIV
803 157 1467 214 PROLEGOMENA
1494 154 1895 207 EDITORIS

262 316 362 356 hoc
388 308 534 352 radio
561 306 712 358 plane
740 301 1085 353 attingeretur.
1116 295 1384 350 Ingeniose
1409 295 1512 336 hoc
1534 293 1889 347 excogitatum
1910 296 2037 343 erat,
2066 303 2236 346 neque
2255 295 2437 336 tamen

263 384 328 425 ad
355 380 600 422 effectum
626 370 839 426 perduci
864 370 1089 422 poterat:
1119 378 1243 407 nam
1269 364 1403 406 illius
1429 363 1600 406 aetatis
1628 362 1915 405 artificibus
1936 362 2303 405 difficillimum
2324 367 2437 406 erat

262 461 441 495 omnes
474 447 569 488 has
601 441 877 485 divisiones
909 438 1033 480 satis
1067 438 1315 478 accurate
1348 434 1626 484 conficere,
1660 436 1716 475 ut
1749 433 2073 484 omittamus,
2108 433 2438 476 observatori

259 531 399 573 saepe
420 514 761 559 dubitandum
782 509 955 558 fuisse,
979 519 1098 561 quae
1119 506 1254 548 linea
1275 504 1541 547 divisionis
1560 503 1631 545 illi
1651 503 1937 555 directioni,
1960 504 2254 546 secundum
2275 515 2437 557 quam

258 590 592 645 spectaretur,
624 580 854 624 maxime
884 576 1341 632 appropinquaret.
1374 573 1602 616 TYCHO
1635 573 1774 616 hanc
1804 573 2064 616 rationem
2093 574 2145 615 in
2172 573 2339 617 tribus
2367 574 2439 617 in-

257 656 552 704 strumentis
579 665 642 695 ex
668 652 743 700 iis,
772 662 890 703 quae
916 647 1088 702 primo
1113 650 1352 700 tempore
1379 644 1622 694 confecit,
1650 647 1896 697 expertus
1922 647 2015 696 est,
2042 647 2099 686 ut
2126 655 2191 686 ex
2210 644 2436 699 imagine

258 726 557 784 quadrantis
577 724 686 778 ejus
706 719 907 763 minimi
927 721 1084 772 patet,
1106 718 1199 760 sed
1218 719 1402 770 postea
1422 714 1616 769 rejecit,
1639 725 1762 757 cum
1783 726 1880 756 sua
1894 713 2054 768 ipsius
2068 714 2271 758 ratione
2285 716 2437 771 longe

255 799 465 842 inferior
490 797 638 837 esset.
667 793 816 834 Illam
843 789 1151 831 divisionem
1179 786 1430 829 mobilem
1452 798 1482 827 a
1503 784 1830 827 VERNERIO
1853 795 1992 827 anno
2018 784 2123 827 1631
2148 785 2434 838 inventam,

256 882 373 924 quae
394 866 548 910 hodie
568 865 620 905 in
638 874 736 904 usu
756 863 848 910 est,
876 870 969 913 per
989 869 1224 900 errorem
1246 856 1417 899 Nonio
1439 855 1631 898 ascribi
1650 855 1776 898 satis
1797 857 2020 906 constat,
2044 867 2075 897 a
2096 856 2244 910 cujus
2263 856 2438 900 inven-

253 942 391 983 tione
421 933 649 979 nonnihil
680 931 866 974 differt.
899 929 999 972 Sed
1030 929 1098 971 ad
1126 928 1193 979 id,
1225 927 1365 981 quod
1395 926 1676 969 Vernerius
1706 925 2036 979 excogitavit,
2067 937 2232 980 prope
2263 938 2437 971 acces-

254 1012 427 1053 serant
452 1007 490 1048 T
492 1003 712 1060 ychonis
739 1001 986 1054 aequales,
1018 999 1302 1041 IACOBUS
1330 997 1611 1041 CURTIUS
1639 1000 1689 1038 et
1716 996 2264 1040 CHRISTOPHORUS
2289 998 2438 1041 CLA-

252 1079 424 1129 VIUS,
448 1086 672 1130 quorum
692 1073 774 1115 ille
795 1072 845 1113 in
866 1071 1086 1125 epistula
1107 1080 1246 1112 anno
1268 1069 1380 1111 1590
1394 1068 1589 1122 scripta
1602 1066 1864 1109 rationem
1879 1078 2033 1109 suam
2049 1078 2173 1109 cum
2186 1068 2437 1122 Tychone

254 1145 677 1195 communicavit,
699 1153 868 1196 neque
887 1145 1067 1183 tamen
1081 1140 1153 1182 ita
1167 1141 1449 1189 excultam,
1471 1142 1529 1181 ut
1542 1150 1679 1188 eam,
1702 1149 1864 1191 quam
1878 1137 2204 1180 indicaverat
2219 1139 2435 1191 Nonius,

253 1221 475 1263 multum
504 1217 789 1270 superaret,
821 1212 1028 1255 Clavius
1057 1222 1184 1253 vero
1215 1221 1354 1252 anno
1385 1210 1602 1252 demum
1632 1208 1759 1259 1606,
1789 1208 2040 1262 Tychone
2063 1210 2176 1264 jam
2207 1213 2434 1261 mortuo,

252 1303 404 1333 suam
423 1287 681 1330 rationem
701 1285 753 1326 in
773 1283 1007 1326 medium
1027 1281 1252 1336 protulit.

308 1357 679 1402 TYCHONEM
721 1355 1111 1397 adulescentem
1149 1353 1398 1406 Augustae
1427 1351 1822 1393 Vindelicorum
1856 1350 2094 1392 Arabum
2133 1353 2436 1405 exemplum

250 1434 489 1474 secutum
510 1428 873 1482 quadrantem,
891 1425 1037 1479 eujus
1057 1423 1234 1466 radius
1254 1422 1306 1464 14
1321 1422 1621 1465 cubitorum
1640 1421 1715 1478 (=
1730 1423 1794 1465 5.⁶
1814 1421 2127 1477 metrorum)
2147 1425 2299 1473 esset,
2316 1433 2437 1465 con-

249 1501 531 1544 ficiendum
552 1508 765 1541 curasse
779 1496 1020 1538 vidimus.
1037 1495 1138 1536 Sed
1153 1495 1265 1549 jam
1287 1497 1407 1535 ante
1427 1493 1552 1535 illud
1571 1496 1796 1546 tempus,
1813 1503 1937 1534 cum
1959 1503 2098 1534 anno
2118 1492 2230 1534 1564
2244 1493 2435 1547 Lipsiae

249 1573 562 1620 versaretur,
591 1568 856 1617 baculum,
884 1569 940 1608 ut
968 1566 1078 1619 ipse
1111 1565 1220 1615 ait1,
1247 1564 1318 1606 ibi
1346 1565 1654 1618 possederat
1682 1563 1828 1605 lineis
1857 1563 2171 1605 transversis
2192 1563 2434 1616 divisum,

249 1642 507 1684 rationem
537 1640 723 1682 doctus
754 1650 785 1679 a
815 1635 1353 1679 BARTHOLOMAEO
1384 1634 1740 1685 SCULTETO‚
1769 1633 1857 1687 qui
1881 1633 1992 1687 ipse
2019 1633 2085 1675 ab
2118 1633 2434 1677 HOMELIO

250 1712 498 1766 magistro
528 1721 624 1753 suo
653 1709 796 1765 (nato
825 1721 870 1750 a.
898 1707 1024 1758 1518,
1046 1709 1257 1749 mortuo
1279 1718 1325 1749 a.
1353 1706 1482 1762 1562)
1517 1717 1638 1748 eam
1667 1705 1936 1747 didicerat.
1961 1705 2204 1747 Ceterum
2234 1705 2437 1760 excogi-

248 1786 359 1825 tata
373 1783 485 1837 jam
506 1784 619 1823 erat
638 1781 803 1822 multo
826 1781 962 1828 ante,
979 1789 1103 1820 cum
1125 1777 1192 1819 ad
1212 1788 1488 1819 mensuras
1509 1779 1682 1818 rectas
1704 1776 2026 1818 adhibuisset
2047 1775 2308 1818 Hebraeus
2330 1777 2436 1830 qui-

251 1854 375 1895 dam
410 1852 689 1905 Hispanus,
722 1849 874 1891 LEVI
908 1848 1033 1890 BEN
1068 1847 1342 1899 GERSON,
1374 1848 1461 1901 qui
1489 1847 1731 1890 Avinioni
1762 1846 2037 1888 habitabat
2070 1849 2120 1888 et
2150 1858 2289 1889 anno
2324 1846 2436 1889 1344

252 1926 490 1966 mortuus
517 1923 632 1971 est²‚
655 1924 706 1963 et
724 1921 776 1962 in
796 1918 1122 1962 PUEHLERI
1151 1917 1477 1970 Geometria‚
1502 1930 1621 1971 quae
1644 1929 1782 1960 anno
1809 1917 1914 1960 1561
1939 1918 2022 1959 vel
2048 1916 2159 1959 1563
2180 1917 2319 1959 edita
2340 1921 2433 1969 est,

251 1994 526 2047 complura
546 1993 905 2040 instrumenta,
923 2001 1041 2043 quae
1063 2000 1217 2031 arcus
1237 1989 1329 2031 tali
1342 1989 1544 2031 ratione
1559 1989 1754 2031 divisos
1768 1991 1995 2042 portant,
2011 1987 2158 2030 lineis
2172 1988 2435 2042 descripta

251 2063 613 2118 reperiuntur³.
647 2062 745 2104 Hic
775 2061 905 2103 liber
929 2060 1165 2113 Tychoni
1197 2060 1420 2102 fortasse
1452 2060 1656 2114 ignotus
1686 2059 1796 2110 fuit,
1826 2059 1920 2101 sed
1949 2059 2103 2101 facile
2133 2062 2275 2101 certe
2304 2062 2433 2111 erat,

251 2135 391 2187 quod
421 2137 685 2175 rectarum
714 2132 970 2174 linearum
992 2130 1329 2173 divisionibus
1350 2130 1706 2184 excogitatum
1727 2133 1854 2181 erat,
1876 2130 1929 2171 in
1950 2140 2105 2172 arcus
2125 2130 2432 2182 transferre;

250 2205 352 2247 hoc
374 2216 500 2247 vero
520 2204 700 2258 Tycho
730 2202 929 2256 primus
949 2202 1001 2243 in
1020 2201 1375 2243 instrumentis
1397 2201 1765 2244 astronomicis
1787 2201 1923 2252 fecit,
1947 2204 2104 2254 atque
2123 2201 2196 2242 ita
2217 2201 2434 2243 demum

252 2275 439 2326 effecit,
455 2278 511 2316 ut
524 2275 575 2316 in
590 2285 732 2324 arcu,
750 2273 837 2326 qui
857 2284 962 2314 non
983 2272 1154 2326 major
1174 2275 1301 2323 erat,
1319 2284 1480 2325 quam
1500 2276 1557 2314 ut
1575 2272 1628 2313 in
1649 2283 1711 2314 eo
1734 2272 1920 2314 decem
1941 2272 2266 2314 minutorum
2283 2271 2435 2313 inter-

249 2347 388 2387 valla
421 2348 740 2395 notarentur,
771 2347 945 2397 partes
978 2343 1162 2384 minuti
1194 2343 1336 2384 cerni
1368 2346 1597 2396 possent.
1632 2342 1812 2396 Neque
1844 2343 1947 2385 hoc
1980 2342 2107 2385 satis
2139 2345 2273 2392 erat;
2307 2354 2434 2384 nam

250 2416 408 2458 etiam
429 2417 493 2458 de
514 2427 576 2458 eo
599 2415 864 2469 agebatur,
886 2417 942 2455 ut
963 2413 1261 2455 accuratius
1282 2425 1443 2466 quam
1465 2413 1690 2455 antehac
1712 2413 2117 2456 instrumentum
2139 2413 2206 2454 ad
2227 2413 2434 2454 stellam

249 2486 570 2540 dirigeretur3
586 2485 671 2527 hic
687 2497 813 2527 vero
830 2496 987 2527 nemo
1001 2483 1238 2537 Tychoni
1252 2484 1395 2526 viam
1410 2484 1756 2526 monstrabat.
1773 2484 1942 2526 Antea
1962 2483 2178 2526 »Radius
2191 2483 2430 2526 visualis«

248 2557 357 2598 sive
391 2557 604 2610 »Regula
636 2555 870 2597 fiduciae«
905 2556 972 2597 ad
1001 2558 1281 2608 utramque
1313 2554 1700 2596 extremitatem
1733 2554 1943 2609 singulis
1976 2554 2193 2608 dioptris
2222 2554 2349 2606 sive,
2378 2557 2436 2596 ut

246 2630 369 2669 tunc
392 2627 736 2677 vocabantur,
763 2626 1121 2680 »pinnacidiis«
1145 2626 1399 2668 instructa
1420 2625 1606 2676 fuerat,
1629 2637 1749 2678 quae
1771 2636 1835 2667 ex
1856 2626 2055 2667 lamina
2076 2636 2141 2667 ex
2162 2624 2434 2667 orichalco

249 2698 389 2740 facta
410 2701 460 2739 et
474 2697 716 2740 foramen
729 2697 781 2739 in
795 2697 969 2739 medio
985 2696 1215 2750 portanti
1229 2696 1559 2739 constabant.
1578 2695 1629 2737 Si
1643 2696 1745 2738 hoc
1762 2695 2005 2739 foramen
2020 2696 2173 2738 nimis
2188 2696 2434 2749 exiguum

247 2771 374 2819 erat,
390 2769 539 2809 stella
560 2768 741 2810 debilis
762 2767 995 2821 conspici
1016 2779 1121 2809 non
1142 2770 1368 2820 poterat;
1391 2767 1471 2809 sin
1484 2778 1613 2809 vero
1634 2766 1787 2809 nimis
1807 2779 2060 2821 magnum
2080 2766 2283 2808 factum
2303 2769 2432 2817 erat,

248 2838 545 2880 observatio
574 2850 761 2891 parum
789 2841 933 2880 certa
960 2841 1087 2880 erat.
1106 2837 1225 2888 Jam
1244 2837 1426 2890 Tycho
1453 2836 1725 2891 proprium
1746 2837 2104 2891 pinnacidium
2125 2837 2432 2888 construxit,

247 2909 387 2961 quod
421 2910 488 2951 ad
526 2909 911 2951 extremitatem
951 2909 1221 2951 ocularem
1260 2909 1454 2962 regulae
1494 2907 1852 2950 adhibendum
1882 2911 2010 2950 erat.
2049 2907 2337 2950 Constabat
2365 2919 2431 2949 ex

247 2979 443 3021 lamina
470 2980 744 3032 quadrata,
767 2991 886 3032 quae
912 2979 965 3021 in
990 2979 1076 3021 illo
1104 2980 1283 3030 latere,
1306 2979 1448 3032 quod
1475 2979 1668 3032 regulae
1698 2978 2001 3032 proximum
2029 2981 2158 3028 erat,
2186 2978 2433 3020 rimulam

309 3086 318 3109 ¹
341 3087 533 3120 Mechan.
556 3086 621 3120 fol.
645 3086 672 3119 F
692 3087 729 3125 2;
757 3087 982 3130 Progymn.
1007 3087 1020 3120 1
1043 3097 1079 3129 p.
1095 3087 1174 3120 671.

306 3144 321 3167 2
343 3144 569 3183 CANTOR,
591 3144 845 3179 Geschicbte
865 3145 938 3178 det
955 3145 1235 3179 Mathematik
1256 3145 1311 3178 112
1332 3156 1368 3188 p.
1384 3145 1463 3179 289.

306 3202 321 3226 ³
343 3202 631 3242 KAESTNER‚
654 3203 908 3237 Geschichte
929 3205 1002 3237 det
1020 3204 1300 3238 Mathematik
1321 3204 1335 3237 1
1358 3214 1394 3247 p.
1410 3203 1479 3238 670
1494 3214 1580 3247 sqq.
