2678 4069
830 246 1515 300 ANNOTATIONES
1542 250 1943 303 EDITORIS
2387 252 2477 303 317

353 382 510 424 Haud
539 383 604 425 ab
633 394 689 424 re
716 383 812 425 erit
840 384 942 426 hoc
965 386 1084 427 loco
1106 398 1279 438 pauca
1302 388 1495 430 addere
1517 389 1580 430 de
1603 389 1705 431 alio
1727 389 1858 431 libro
1882 402 2043 431 manu
2063 390 2257 443 scripto
2281 390 2478 432 mathe-

292 453 506 503 matico,
530 453 617 506 qui
643 454 822 507 Pragae
850 460 1167 506 asservatur,
1191 469 1349 509 quem
1369 458 1631 511 Tychonis
1652 471 1766 502 esse
1788 460 2114 502 affirmatum
2136 464 2226 502 est.
2251 461 2477 503 Libellus

292 527 370 566 est
399 523 649 566 foliorum
678 535 771 565 sex
800 524 852 566 in
881 525 953 575 2⁰,
977 538 1134 578 quem
1166 540 1210 568 a.
1240 527 1349 570 1903
1371 529 1545 571 forma
1577 530 1843 582 aliquanto
1876 531 2077 573 minore
2107 531 2236 573 lucis
2267 543 2365 585 ope
2395 543 2478 573 ex-

291 605 534 648 pressum
555 594 715 636 edidit
730 595 1016 638 Studnicka
1038 596 1139 639 hoc
1163 598 1340 640 addito
1362 599 1532 641 titulo:
1555 600 1953 643 »Brevissimum
1975 602 2320 654 planimetriae
2337 614 2478 645 com-

291 664 541 718 pendium
573 677 670 707 sua
705 678 867 708 manu
900 668 1139 709 exaravit
1170 669 1351 721 Tycho
1385 670 1598 712 Brahe«.
1633 671 1699 712 At
1732 684 1920 714 manus
1953 684 2057 714 non
2090 677 2167 715 est
2198 674 2475 726 Tyehonis,

292 735 440 790 cujus
467 735 628 778 etiam
657 737 837 778 manui
864 737 1007 779 haud
1035 750 1161 780 sane
1188 739 1368 782 similis
1390 744 1482 791 est,
1505 753 1672 794 neque
1694 743 1858 784 ullum
1881 744 2028 785 adest
2048 744 2312 794 indicium,
2337 746 2476 797 quod

291 806 342 848 in
373 806 526 861 hujus
555 810 815 860 potestate
846 808 1079 850 libellum
1109 822 1366 862 umquam
1398 811 1555 853 fuisse
1586 813 1841 854 ostendat.
1875 813 2006 863 Quae
2037 825 2099 855 eo
2130 815 2475 865 continentur,

291 880 504 930 sumpta
525 881 645 919 sunt
660 889 688 919 e
702 879 868 920 Procli
888 880 1284 922 commentariis
1306 880 1356 922 in
1377 881 1607 934 primum
1628 883 1818 925 librum
1834 883 2235 926 Elementorum
2255 886 2477 928 Euclidis

290 948 528 1002 (Basileae
554 948 698 1004 1533),
723 950 864 1001 quod
885 961 981 991 nos
1005 950 1183 992 docuit
1205 951 1239 992 I.
1256 952 1311 992 L.
1329 951 1570 1006 Heiberg,
1592 954 1861 1006 professor
1883 954 2210 998 Hauniensis.
2235 957 2477 998 Ceterum

292 1018 468 1061 media
500 1018 886 1073 interrumpunt
920 1021 1285 1064 annotationes
1319 1023 1568 1075 quaedam
1601 1028 1651 1065 et
1683 1025 2053 1067 delineationes
2084 1026 2477 1081 horologiorum

291 1089 562 1140 solarium,
587 1102 706 1143 quae
731 1090 845 1144 jam
866 1091 1025 1133 factae
1047 1103 1160 1134 esse
1181 1092 1437 1144 videntur,
1461 1105 1584 1136 cum
1606 1094 1701 1136 illis
1723 1096 1981 1149 excerptis
2002 1097 2281 1139 Proclianis
2302 1101 2477 1151 partes

291 1172 481 1203 vacuae
502 1161 815 1215 paginarum
836 1164 1117 1216 completae
1139 1163 1252 1204 sint.

351 1232 420 1274 ad
440 1244 488 1285 p.
511 1231 668 1289 286‚9]
700 1233 904 1287 Lapsus
935 1233 1018 1275 hic
1049 1237 1126 1276 est
1156 1234 1370 1284 calami;
1403 1247 1498 1288 pro
1531 1236 1855 1279 »dimidium«
1887 1238 2043 1281 scribi
2073 1239 2249 1281 debuit
2280 1240 2477 1281 »sinum

291 1302 533 1345 dimidii«.

351 1375 418 1416 ad
439 1386 487 1427 p.
510 1374 739 1431 286‚12—14]
775 1375 872 1417 Hic
907 1376 1055 1417 locus
1094 1376 1247 1417 valde
1281 1381 1559 1430 corruptus
1598 1382 1688 1420 est.
1725 1379 1890 1421 Scribi
1929 1380 2125 1422 debuit:
2165 1381 2478 1435 »multiplica

290 1445 463 1487 maius
485 1446 621 1488 latus
642 1446 828 1488 datum
849 1458 943 1499 per
963 1446 1136 1488 sinum
1151 1447 1336 1500 Anguli
1357 1448 1480 1498 dati,
1499 1452 1548 1490 et
1569 1449 1741 1491 divide
1762 1461 1855 1502 per
1874 1454 2066 1493 totum:
2090 1451 2195 1493 exit
2208 1452 2478 1495 inventum

291 1517 333 1566 1;
363 1516 652 1570 multiplica
679 1517 851 1559 maius
879 1518 1015 1559 latus
1042 1529 1135 1571 per
1161 1518 1334 1560 sinum
1362 1520 1736 1572 complementi
1755 1521 1939 1574 Anguli
1967 1521 2089 1572 dati,
2113 1526 2162 1564 et
2189 1523 2360 1565 divide
2387 1536 2479 1577 per

289 1591 482 1630 totum:
507 1587 612 1630 exit
632 1587 903 1630 inventum
926 1589 986 1639 ΙΙ,
1011 1589 1152 1642 quod
1175 1589 1324 1631 aufer
1346 1602 1376 1631 a
1397 1590 1560 1632 latere
1582 1590 1800 1642 minore,
1824 1592 1864 1633 8ι
1884 1592 2190 1645 relinquitur
2209 1594 2478 1636 inventum

291 1659 376 1700 III.
395 1658 423 1709 J
428 1671 518 1701 am
545 1659 646 1701 duc
673 1658 945 1702 inventum
973 1660 1043 1701 III
1071 1660 1123 1701 in
1148 1663 1336 1710 totum,
1360 1661 1400 1702 81
1427 1660 1599 1703 divide
1620 1673 1713 1714 per
1732 1662 2004 1704 inventum
2025 1664 2066 1705 I:
2090 1665 2407 1717 productum
2428 1666 2478 1707 in

291 1730 503 1772 Canone
524 1729 802 1772 foecundo.
823 1763 831 1772 .
852 1747 889 1772 .«
915 1734 1012 1773 cet.

350 1801 418 1843 ad
438 1813 487 1854 p.
510 1800 667 1858 286‚35]
690 1801 788 1844 Hic
810 1802 1076 1844 vocabulo
1102 1802 1408 1856 »tangentis«
1427 1802 1658 1856 primum
1669 1803 1850 1856 Tycho
1872 1804 2044 1847 utitur.
2061 1805 2260 1848 Primus
2281 1806 2479 1850 induxit

289 1871 522 1914 Thomas
552 1872 742 1914 Fincke
772 1872 823 1914 in
856 1871 1168 1916 Geometria
1198 1872 1414 1915 rotundi
1440 1873 1677 1928 (Basileae
1709 1872 1837 1930 1583)
1866 1874 2020 1917 simul
2051 1887 2174 1918 cum
2199 1878 2474 1921 »secantis«

290 1943 555 1986 vocabulo
576 1942 679 1999 (pp.
701 1943 757 1985 73
778 1947 829 1986 et
849 1943 937 2000 76).
962 1944 1207 1986 Ceterum
1229 1956 1293 1986 ex
1314 1944 1467 1999 hujus
1489 1944 1604 1987 libri
1623 1957 1670 1998 p.
1691 1945 1777 1987 292
1798 1945 2172 2004 simpliciorem
2193 1947 2345 2002 hujus
2366 1960 2480 2002 pro-

291 2014 534 2057 blematis
554 2015 873 2057 solutionem
892 2015 1074 2069 Tycho
1096 2015 1297 2057 discere
1318 2015 1499 2068 potuit.

350 2086 419 2127 ad
439 2097 487 2139 p.
510 2085 668 2142 287‚14]
691 2086 808 2128 Hoc
835 2086 1113 2140 problema
1139 2087 1371 2128 solutum
1401 2097 1506 2127 non
1533 2090 1625 2137 est,
1649 2090 1699 2128 et
1724 2086 1923 2140 reliqua
1944 2087 2132 2141 pagina
2154 2099 2335 2142 eaque,
2360 2101 2478 2143 quae

289 2156 538 2210 sequitur,
561 2168 751 2199 vacuae
771 2160 906 2199 sunt.

351 2228 419 2269 ad
438 2239 486 2281 p.
510 2227 669 2284 288‚21]
692 2228 790 2270 Hic
812 2228 1044 2281 primum
1067 2227 1346 2270 adhibetur
1366 2228 1855 2281 prosthaphaeresis‚
1874 2240 1997 2270 cum
2012 2240 2108 2281 pro

504 2309 596 2340 cos
612 2310 640 2340 c
655 2319 709 2334 Ξ
722 2310 815 2341 cos
832 2311 862 2341 a
884 2310 976 2340 cos
997 2299 1029 2340 b
1051 2298 1263 2352 ponitur
1283 2309 1375 2340 cos
1397 2310 1425 2340 c
1444 2319 1496 2333 z
1511 2299 1534 2344 ὲ
1554 2299 1664 2355 [cos
1685 2298 1735 2354 (a
1750 2325 1806 2329 —
1822 2299 1872 2355 b)
1887 2299 1929 2343 ἢ-
1946 2310 2037 2341 cos
2058 2299 2108 2355 (a
2124 2299 2166 2343 4-
2183 2300 2264 2356 b)].

351 2370 419 2412 ad
439 2382 487 2423 p.
510 2369 632 2420 2828
653 2370 668 2426 ]
690 2370 807 2412 Hoc
834 2370 1164 2423 »exemplum
1192 2369 1543 2422 adscriptum«
1568 2381 1674 2412 non
1700 2370 1959 2412 invenitur
1983 2370 2036 2411 in
2063 2371 2261 2421 codice,
2290 2372 2478 2425 pagina

290 2451 435 2491 vero,
458 2452 578 2494 quae
598 2440 847 2494 sequitur,
870 2451 1023 2494 paene
1042 2444 1154 2482 tota
1175 2451 1349 2482 vacua
1371 2444 1461 2482 est.

351 2511 418 2553 ad
439 2523 487 2565 p.
510 2510 632 2562 290,9
652 2511 666 2567 ]
690 2511 788 2554 Hic
812 2509 1091 2554 adhibetur
1110 2510 1600 2565 prosthaphaeresis,
1623 2522 1748 2553 cum

876 2593 969 2624 cos
991 2581 1588 2626 a=cosbcosc³rsinb
1610 2581 1898 2623 sinccosA

504 2652 721 2708 ={[cos
735 2652 1080 2709 (b—c)†cos
1095 2653 1145 2709 (b
1162 2652 1503 2709 ÷c)]†{[cos
1523 2652 1874 2708 (b—c)—cos
1895 2651 2079 2708 (b÷c)]
2101 2663 2192 2695 cos
2206 2653 2264 2694 A.

292 2724 410 2766 Non
436 2723 650 2778 contigit
674 2723 841 2778 igitur,
866 2728 924 2766 ut
949 2723 1134 2766 ultima
1162 2723 1526 2777 multiplicatio
1551 2734 1643 2765 cos
1665 2724 1710 2764 A
1734 2722 2033 2773 evitaretur,
2060 2735 2221 2776 quam
2246 2723 2478 2766 adhibito

291 2795 480 2849 angulo
512 2794 752 2837 auxiliari
775 2794 990 2837 evitavit
1013 2794 1276 2848 Buergius‚
1298 2798 1355 2836 ut
1379 2806 1444 2836 ex
1467 2794 1610 2837 libris
1635 2806 1798 2836 manu
1821 2793 2025 2847 scriptis
2050 2794 2478 2836 observationum

290 2865 400 2920 ejus
426 2869 586 2919 patet,
615 2877 747 2919 quas
775 2865 1015 2908 Cassellis
1041 2865 1257 2908 instituit
1282 2865 1366 2921 (cf.
1396 2865 1521 2907 Rud.
1539 2865 1697 2916 Wolf,
1723 2863 2032 2906 Astronom.
2062 2863 2477 2917 Mittheilungen

289 2936 477 2978 XXXII
498 2948 546 2989 p.
569 2936 657 2992 61).

351 3007 418 3049 ad
438 3019 486 3060 p.
509 3006 667 3063 290‚13]
688 3008 873 3050 Postea
901 3007 1141 3049 additum
1169 3010 1247 3049 est
1266 3018 1383 3049 voc.
1411 3006 1827 3059 »multiplicato«,
1851 3009 1971 3047 ante
1993 3006 2133 3059 quod
2154 3005 2313 3047 etiam
2338 3005 2473 3047 »sed«

292 3076 531 3119 additum
546 3088 661 3120 esse
675 3077 901 3128 videtur3
919 3078 1012 3120 sed
1026 3081 1146 3131 post
1159 3077 1284 3120 illud
1300 3078 1549 3131 quaedam
1565 3075 1820 3119 excidisse
1834 3075 2090 3125 videntur,
2106 3079 2195 3117 aut
2213 3079 2294 3117 »ut
2307 3075 2472 3128 prius«

291 3150 382 3189 aut
406 3159 526 3200 »per
545 3147 719 3190 sinum
740 3148 1117 3201 complementi
1138 3148 1311 3202 anguli
1333 3147 1441 3190 dati
1462 3151 1512 3189 et
1533 3147 1699 3189 diviso
1720 3158 1814 3199 per
1832 3150 2047 3188 totum«.

350 3218 418 3260 ad
439 3230 487 3271 p.
509 3217 667 3274 291‚11]
701 3217 833 3261 Haec
867 3219 1057 3261 solutio
1092 3219 1225 3261 falsa
1258 3222 1350 3269 est,
1383 3229 1506 3260 curn
1538 3219 1731 3271 dogma
1752 3217 1821 3258 VI
1853 3217 1920 3258 ad
1948 3216 2264 3270 triangulum
2296 3216 2475 3268 polare

293 3287 544 3330 adhibere
563 3288 745 3342 Tycho
767 3289 894 3331 satis
914 3289 1126 3340 habeat,
1150 3289 1400 3331 lateribus
1421 3291 1471 3330 et
1493 3288 1692 3341 angulis
1714 3286 2069 3329 commutatis.
2088 3285 2324 3327 Werneri
2346 3295 2475 3337 opus
