2678 4069
718 302 1386 359 PROLEGOMENA
1414 307 1813 363 EDITORIS
2197 311 2360 365 XVII

175 440 520 484 LAEBURGO
545 440 646 483 tria
672 441 1019 486 instrumenta
1046 446 1250 499 majora
1271 447 1321 488 in
1342 459 1437 489 sua
1459 449 1704 502 quodque
1725 454 1911 504 crypta
1933 452 2192 494 collocata
2219 457 2357 504 sunt;

173 523 400 565 quarum
427 515 736 566 cryptarum
762 513 888 554 nihil
916 514 1057 556 aliud
1085 527 1245 568 quarn
1266 520 1405 560 tecta
1426 530 1584 573 supra
1604 523 1801 563 terram
1823 522 2102 564 eminebat.
2132 523 2233 565 Sed
2247 524 2359 578 jam

174 593 313 625 anno
331 582 568 636 sequenti
583 582 701 625 haec
718 583 897 625 omnia
912 596 1018 627 non
1033 586 1277 628 sufficere
1291 588 1655 643 intelliguntur,
1678 595 1728 633 et
1744 592 1847 635 duo
1862 604 2001 635 nova
2016 593 2359 637 instrumenta

171 653 224 695 in
245 653 452 696 duobus
473 653 816 696 conclavibus
837 655 1180 707 collocantur,
1204 669 1322 710 quae
1339 671 1369 700 a
1384 661 1773 713 septentrionali
1788 666 1936 716 parte
1950 667 2126 706 cetera
2148 665 2362 718 aspicie-

173 723 316 775 bant,
345 735 508 778 quare
533 727 692 767 terrae
719 725 1055 778 superficiem
1082 728 1381 780 aequabant,
1409 734 1464 771 ut
1490 743 1648 784 supra
1671 736 1810 774 tecta
1831 733 2038 776 illorum
2060 736 2359 789 prospicere

172 795 365 838 liceret.
394 795 469 837 Ex
495 795 576 838 his
604 795 832 849 quinque
858 795 1216 840 instrumentis
1244 804 1490 851 quattuor
1513 802 1745 844 maxime
1766 803 1817 844 in
1837 816 1933 846 usu
1954 809 2102 847 erant
2123 807 2359 849 omnium

173 865 573 920 duodetriginta,
608 877 922 920 magnorum
956 870 1114 920 atque
1147 868 1484 921 minutorum,
1521 884 1639 925 quae
1671 873 1867 926 Tycho‚
1906 875 1991 927 qui
2024 876 2120 917 sibi
2152 889 2361 931 semper

172 937 378 992 majora
407 937 754 991 proponebat,
786 936 1081 980 labentibus
1112 939 1261 981 annis
1289 940 1341 982 in
1370 952 1466 983 sua
1497 942 1709 984 officina
1735 944 1844 997 ipse
1870 945 2112 988 facienda
2140 949 2356 991 curavit.

173 1006 283 1050 Nec
305 1008 537 1059 deerant,
561 1009 648 1062 qui
668 1008 729 1051 iis
749 1012 1034 1051 uterentur.
1064 1009 1246 1062 Neque
1267 1010 1407 1053 enim
1425 1012 1605 1065 Tycho
1627 1015 1769 1056 solus
1791 1014 2185 1060 observationes
2205 1018 2360 1061 facie-

171 1077 277 1130 bat,
299 1079 393 1121 sed
413 1078 559 1121 fama
580 1079 691 1134 ejus
713 1079 927 1122 adducti
942 1090 970 1122 e
987 1079 1156 1122 Dania
1177 1081 1433 1134 terrisque
1455 1083 1680 1125 externis
1701 1085 1917 1128 studiosi
1934 1086 2177 1129 Hvenam
2191 1089 2360 1132 venie-

172 1149 314 1201 bant,
336 1153 392 1192 ut
412 1150 526 1204 ipso
547 1150 859 1193 moderante
879 1150 1062 1193 studiis
1082 1163 1138 1193 se
1158 1152 1440 1203 traderent,
1463 1153 1595 1195 inter
1616 1166 1746 1207 quos
1762 1167 1922 1208 opera
1938 1157 2357 1203 distribuebatur.

171 1219 425 1263 Videmus
445 1233 512 1264 ex
531 1221 675 1264 libris
697 1221 1145 1273 observationum,
1171 1223 1548 1276 posterioribus
1569 1228 1710 1267 certe
1732 1226 1879 1268 annis
1900 1226 2219 1280 singularum
2239 1242 2360 1273 noc-

169 1290 303 1333 tium
317 1291 750 1335 observationum
765 1293 1027 1336 rationem
1042 1293 1363 1347 descriptam
1378 1305 1507 1345 esse,
1527 1307 1628 1348 qua
1643 1296 1775 1338 inter
1790 1297 1891 1338 alia
1905 1297 2191 1341 indicatum
2206 1305 2356 1352 esset,

172 1374 203 1404 a
234 1362 422 1416 quibus
454 1363 613 1406 stellis
647 1363 909 1406 distantiae
941 1365 1169 1418 planetae
1201 1363 1419 1419 alicujus
1452 1365 1785 1408 dimetiendae
1817 1371 2004 1419 essent,
2040 1381 2260 1423 quaeque
2291 1373 2358 1413 ad

169 1434 424 1488 temporis
444 1434 804 1477 definitionem
825 1434 1142 1477 adhibendae
1164 1439 1350 1477 essent.
1376 1436 1556 1489 Itaque
1570 1436 1746 1490 viginti
1762 1438 1908 1480 annis
1923 1442 2068 1481 tanta
2083 1441 2357 1484 multitudo

171 1505 605 1548 observationum
635 1505 880 1548 confecta
911 1509 1004 1557 est,
1035 1509 1092 1547 ut
1121 1517 1336 1559 aequum
1359 1518 1639 1549 numerum
1660 1520 1951 1561 numquam
1973 1513 2125 1552 antea
2147 1512 2359 1554 vidisset

170 1575 313 1619 orbis
344 1579 609 1619 terrarum
640 1588 738 1620 nec
766 1580 952 1631 postea
976 1576 1180 1627 viderit,
1212 1577 1381 1619 donec
1409 1577 1582 1631 priore
1606 1579 1785 1620 saeculi
1808 1580 1924 1621 XIX
1945 1584 2092 1633 parte
2117 1581 2360 1624 observa-

168 1647 364 1690 torium
392 1647 783 1691 Grenovicense
806 1647 1071 1702 Tychonis
1097 1647 1359 1691 rationem
1385 1652 1625 1691 secutum
1652 1650 1784 1691 inter
1810 1662 2057 1704 magnam
2085 1652 2359 1695 cohortem

170 1718 567 1761 observantium
595 1723 645 1762 et
671 1718 1070 1774 supputantium
1091 1730 1312 1773 operam
1334 1718 1606 1762 distribuit.
1637 1721 1693 1761 In
1720 1720 1822 1763 hoc
1852 1732 2059 1774 quoque
2086 1723 2250 1765 multo
2278 1725 2361 1766 de-

169 1801 318 1831 mum
338 1792 579 1844 tempore
600 1794 720 1845 post
739 1791 849 1846 ejus
870 1793 1086 1833 aetatem
1102 1789 1319 1844 vestigia
1340 1790 1451 1845 ejus
1472 1791 1762 1833 astronomi
1783 1791 2041 1844 persecuti
2061 1796 2193 1834 sunt.
2216 1794 2362 1847 Egre-

168 1860 310 1914 gium
323 1860 363 1902 T
364 1860 589 1914 ychonis
609 1861 881 1905 inventum
903 1860 998 1904 fuit
1017 1864 1299 1904 ventorum
1320 1860 1429 1902 vim
1449 1861 1521 1903 ita
1542 1861 1758 1913 evitare,
1777 1865 1832 1903 ut
1853 1862 2034 1915 paucis
2054 1863 2272 1916 pedibus
2291 1864 2362 1905 in-

169 1931 249 1974 fra
263 1934 462 1974 terram
476 1932 824 1976 instrumenta
838 1935 1179 1987 ponerentur3
1197 1935 1247 1974 et
1261 1932 1313 1973 in
1327 1931 1496 1974 insula
1510 1932 1597 1974 illa
1612 1944 1778 1986 parva
1789 1932 1932 1974 haud
1944 1944 2070 1975 sane
2082 1934 2361 1976 mediocris

168 2005 282 2045 erat
301 2006 584 2046 ventorum
604 2004 955 2055 vehementia,
979 2015 1103 2046 cum
1123 2014 1276 2057 paene
1296 2003 1348 2044 in
1369 2014 1580 2046 summo
1602 2004 1720 2046 loco
1742 2003 1926 2045 insulae
1941 2004 2361 2047 observatorium

169 2074 492 2117 collocatum
521 2078 675 2125 esset,
708 2075 766 2118 45
796 2075 906 2118 fere
936 2078 1230 2118 metrorum
1260 2074 1530 2116 altitudine
1560 2086 1720 2128 supra
1751 2086 1915 2125 mare,
1951 2075 2091 2128 quod
2122 2075 2186 2117 ab
2220 2075 2362 2117 omni

168 2148 319 2198 parte
340 2149 562 2199 apparet
575 2149 770 2200 praeter
784 2158 922 2198 eam,
945 2158 1065 2200 quae
1079 2146 1215 2188 inter
1228 2145 1504 2188 meridiem
1520 2148 1570 2187 et
1585 2145 1717 2188 Solis
1733 2148 1907 2188 ortum
1923 2149 2139 2199 spectat.
2162 2146 2362 2187 PICAR-

169 2215 345 2267 DIUS,
369 2216 456 2270 qui
478 2229 617 2261 anno
643 2217 749 2260 1671
774 2217 845 2260 ibi
867 2217 1266 2260 observationes
1285 2216 1425 2267 fecit,
1448 2228 1512 2259 ea
1532 2219 1681 2270 parte
1702 2220 1940 2270 excepta,
1967 2216 2056 2258 ubi
2077 2217 2237 2259 colles
2259 2217 2363 2272 qui-

170 2286 297 2328 dam
318 2286 526 2330 Scaniae
547 2289 615 2331 ad
637 2288 966 2331 altitudinem
990 2288 1037 2330 ll
1062 2287 1389 2331 minutorum
1410 2299 1465 2330 se
1487 2288 1810 2338 extollerent,
1839 2288 2015 2329 stellas
2035 2298 2177 2341 saepe
2198 2299 2361 2341 usque

169 2357 425 2411 adipsum
439 2358 774 2402 horizontem
789 2371 905 2402 sese
921 2358 1259 2413 conspexisse
1276 2358 1363 2409 ait,
1381 2359 1523 2412 quod
1537 2370 1795 2412 perquam
1806 2358 2000 2400 mirum
2012 2358 2058 2399 ei
2070 2358 2358 2409 videbatur,

169 2428 291 2482 quia
311 2429 364 2471 in
385 2429 750 2474 observatorio
766 2430 1055 2481 Parisiensi‚
1078 2441 1406 2484 quamquam
1420 2429 1684 2483 Tychonis
1699 2428 2120 2472 observatorium
2135 2428 2363 2482 aliquan-

167 2503 282 2541 tum
297 2500 567 2544 altitudine
581 2505 869 2555 superaret,
886 2513 1180 2554 numquam
1194 2500 1308 2543 fieri
1322 2504 1515 2554 posset.
1533 2500 1634 2543 Sed
1648 2501 1751 2543 hoc
1763 2500 2033 2542 inventum
2046 2501 2361 2553 praeclarum

168 2582 276 2613 non
301 2575 646 2625 susceperunt
673 2572 780 2623 alii;
809 2575 1023 2615 centum
1050 2571 1275 2626 amplius
1303 2571 1452 2613 annis
1479 2574 1598 2625 post
1616 2570 1880 2625 Tychonis
1900 2573 2114 2613 aetatem
2141 2571 2243 2613 hoc
2265 2571 2361 2612 sibl

168 2652 380 2696 semper
399 2643 738 2697 proposuisse
758 2643 1074 2685 videbantur
1093 2642 1402 2693 astronomi,
1430 2645 1486 2684 ut
1512 2653 1578 2684 ex
1597 2642 1825 2684 turribus
1847 2641 1978 2692 altis,
2008 2653 2126 2694 quae
2152 2641 2363 2694 insuper

167 2712 220 2754 in
249 2716 432 2756 centro
462 2713 674 2756 urbium
704 2714 1057 2768 frequentium
1087 2713 1274 2767 positae
1304 2717 1469 2764 erant,
1505 2712 1901 2756 observationes
1931 2712 2173 2754 faciendo
2203 2711 2361 2754 stellis

167 2783 383 2838 propius
404 2786 734 2828 accederent.

222 2854 343 2905 Jam
362 2854 711 2898 instrumenta
730 2855 1072 2898 TYCHONIS
1094 2867 1385 2909 eorumque
1412 2855 1681 2909 originem,
1712 2854 1831 2897 dein
1850 2865 1994 2904 vero,
2027 2865 2145 2906 quae
2171 2852 2267 2894 illis
2294 2852 2361 2894 ef-

166 2924 308 2968 fecta
329 2925 446 2977 sint,
468 2927 879 2970 consideremus.

230 2996 299 3038 Ut
319 3007 542 3039 arcuum
563 2997 744 3041 circuli
763 2997 1140 3052 longitudinem
1161 2997 1213 3039 in
1234 2998 1368 3040 caelo
1391 2996 1742 3046 dimetiantur,
1764 2995 1972 3050 integris
1994 2993 2199 3037 circulis
2221 3005 2360 3035 com-

168 3067 478 3110 modissime
491 3071 707 3111 utuntur
721 3068 1029 3120 astronomi,
1046 3071 1096 3111 et
1109 3069 1241 3111 tales
1256 3068 1416 3110 etiam
1430 3066 1763 3109 Alexandriae
1777 3066 1829 3108 in
1843 3078 1941 3108 usu
1957 3068 2118 3108 erant.
2136 3063 2359 3105 PTOLE-

170 3137 387 3181 MAEUS
419 3139 826 3182 instrumentum
861 3139 1132 3193 quoddam
1165 3138 1428 3189 describit,
1468 3149 1572 3191 quo
1605 3137 1647 3179 si
1680 3148 1773 3191 per
1806 3137 2021 3178 anulum
2056 3137 2279 3177 aeneum
2307 3133 2358 3174 in

168 3210 327 3262 plano
359 3209 670 3264 AEquatoris
703 3211 1025 3254 collocatum
1057 3210 1144 3252 Sol
1178 3209 1502 3260 observetur,
1541 3207 1859 3261 aequinoctia
1891 3206 2093 3248 definiri
2125 3203 2357 3258 possint.l

228 3305 239 3329 ¹
262 3304 385 3349 Synt.
404 3306 460 3340 111
480 3306 494 3340 l
519 3305 553 3347 (1
568 3317 606 3350 p.
625 3306 690 3340 195
707 3305 919 3351 Heiberg).
942 3307 1089 3350 Neque
1109 3309 1248 3340 tamen
1270 3303 1430 3339 divisus
1446 3307 1529 3338 erat
1549 3303 1617 3339 hic
1633 3303 1824 3341 circulus,
1846 3301 1916 3346 qui
1933 3301 1984 3336 ad
1999 3302 2078 3335 hoc
2095 3300 2230 3334 solum
2247 3297 2356 3332 utilis

166 3366 261 3403 erat,
282 3367 327 3398 ut
346 3364 543 3408 temporis
567 3368 839 3405 momentum,
860 3365 1032 3410 quando
1054 3364 1122 3399 Sol
1144 3364 1187 3398 in
1210 3363 1301 3407 ipso
1321 3363 1543 3407 AEquatore
1564 3364 1681 3401 esset,
1703 3361 1900 3396 definiret.

319 3435 382 3476 (C)
