2678 4069
274 148 382 199 XII
814 131 1481 188 PROLEGOMENA
1509 128 1914 181 EDITORIS

274 295 411 326 nova
439 293 501 323 ac
527 280 726 331 fulgens
753 275 901 317 stella
926 271 1098 314 subito
1127 269 1384 324 apparuit,
1408 280 1528 322 quae
1555 267 1794 310 omnium
1820 267 2090 308 stellarum
2115 265 2459 319 temporaria-

273 365 404 402 rum,
441 361 558 403 quae
590 358 754 399 usque
788 345 855 386 ad
887 345 1126 385 nostrum
1157 343 1366 393 tempus
1399 340 1772 392 apparuerunt,
1805 336 2127 380 lucidissima
2160 340 2288 379 erat.
2324 336 2456 379 Haec

274 423 419 464 stella
446 419 539 462 toti
564 417 686 459 vitae
706 413 969 468 Tychonis
996 422 1210 454 cursum
1237 408 1539 464 designavit.
1570 408 1703 451 Haec
1729 407 1956 450 fortasse
1982 419 2106 450 eum
2133 407 2364 458 detinuit,
2392 419 2457 450 ne

272 493 323 533 in
345 500 526 532 omnes
548 486 812 529 doctrinas
833 482 1082 537 physicas
1102 492 1258 534 aequo
1280 479 1452 522 studio
1473 478 1829 521 incumbendo
1849 478 2113 532 ingenium
2133 490 2288 520 suum
2303 477 2458 520 nimis

273 560 595 608 distraheret,
620 568 681 598 ac
703 556 812 597 sine
834 553 993 595 dubio
1014 550 1292 594 consilium
1312 550 1423 605 eJus
1443 551 1609 592 multo
1632 552 1753 592 ante
1775 552 1991 603 captum
2012 548 2355 592 astronomiae
2375 559 2459 590 ex-

271 628 542 684 perimenti
557 627 716 669 solius
731 625 815 666 via
830 622 1187 666 reformandae
1209 620 1561 664 confirmavit.
1586 620 1798 662 Novum
1819 619 1943 661 illud
1962 619 2389 662 instrumentum¹
2412 618 2459 661 ei

270 701 574 742 facultatem
601 696 741 739 dedit
769 692 1164 737 observationes
1190 703 1346 735 novae
1373 692 1537 734 stellae
1562 690 1807 742 faciendi,
1832 702 1951 744 quae
1971 690 2049 742 iis,
2072 701 2204 744 quas
2225 689 2311 732 alii
2331 689 2460 744 ejus-

272 772 391 812 dem
421 768 589 810 aetatis
620 764 909 808 astronomi
939 763 1220 814 faciebant,
1248 763 1414 805 multo
1436 761 1795 805 accuratiores
1815 764 1981 812 erant,
2003 764 2161 815 atque
2182 760 2343 804 etiam
2366 771 2461 803 usu

270 839 638 894 peritissimum
668 848 723 878 se
750 834 1006 889 praestitit‚
1037 845 1161 876 cum
1187 836 1483 876 sextantem
1509 832 1561 874 in
1587 831 1881 875 meridiano
1908 832 2143 874 defixum
2169 831 2458 882 adhiberet,

270 914 318 953 et
341 908 607 963 quomodo
630 906 849 949 effectus
871 904 1350 948 commutationum
1372 903 1707 947 fortuitarum
1727 902 2074 954 instrumenti,
2091 914 2211 956 quae
2225 902 2359 945 inter
2373 901 2461 945 ob-

270 979 587 1023 servandum
616 977 829 1027 fiebant,
862 975 1183 1030 deprehendi
1212 978 1262 1018 et
1292 974 1544 1017 aestimari
1574 977 1767 1028 posset,
1799 975 2200 1017 demonstraret.
2231 973 2361 1016 Cum
2391 973 2462 1016 di-

270 1050 515 1092 stantiam
545 1049 708 1090 stellae
737 1047 803 1089 ab
832 1047 944 1089 aliis
967 1046 1266 1100 Cassiopeae
1292 1045 1450 1088 stellis
1476 1045 1666 1088 iterum
1694 1048 1852 1099 atque
1877 1044 2068 1087 iterum
2094 1044 2382 1096 metiretur,
2410 1047 2461 1086 et

269 1122 321 1163 in
346 1131 556 1162 summo
585 1120 734 1169 caelo,
762 1118 789 1160 6
815 1120 1022 1160 tantum
1048 1117 1295 1172 gradibus
1323 1129 1354 1158 a
1381 1116 1563 1159 Zenith
1588 1120 1812 1167 remota,
1834 1119 1884 1159 et
1910 1116 1963 1158 in
1989 1115 2365 1158 culminatione
2390 1115 2462 1157 in-

269 1191 459 1234 feriore
475 1202 596 1232 cum
613 1192 764 1240 esset,
781 1188 924 1231 horis
939 1188 996 1230 24
1010 1189 1216 1231 stellam
1235 1199 1301 1230 ne
1321 1187 1538 1229 minime
1560 1187 1772 1241 quidem
1791 1188 1971 1230 locum
1991 1189 2198 1229 mutare
2219 1186 2460 1237 ostendit,

270 1263 508 1315 ideoque,
526 1272 648 1303 cum
669 1261 867 1302 nullam
888 1258 1181 1313 parallaxin
1200 1259 1437 1309 haberet,
1453 1259 1605 1312 longe
1626 1261 1775 1300 extra
1796 1258 1982 1301 orbem
2004 1258 2170 1300 Lunae
2191 1268 2323 1309 esse,
2340 1269 2464 1311 quo-

269 1333 428 1383 niam,
451 1332 493 1373 si
512 1334 718 1373 tantum
741 1334 996 1384 quantum
1026 1331 1175 1372 Luna
1197 1342 1228 1371 a
1247 1329 1407 1372 Terra
1429 1329 1660 1380 distaret,
1682 1328 1975 1383 parallaxin
1996 1328 2101 1374 583⁴
2121 1327 2361 1382 praebere
2383 1328 2466 1370 de-

272 1403 480 1445 buisset.
503 1402 767 1455 Tychonis
794 1401 937 1443 aetati
967 1401 1070 1444 hoc
1101 1412 1359 1455 perquam
1389 1400 1583 1442 mirum
1612 1400 1906 1451 videbatur,
1932 1411 2056 1442 cum
2086 1398 2317 1453 opinioni
2345 1399 2467 1442 inde

271 1475 337 1516 ab
359 1472 649 1515 Aristotelis
676 1476 915 1526 tempore
945 1471 1270 1526 praevalenti,
1297 1471 1350 1513 in
1377 1471 1610 1514 aetherea
1635 1471 1847 1526 regione
1874 1473 2025 1514 extra
2052 1471 2259 1512 Lunam
2286 1470 2465 1513 omnia

271 1543 620 1586 immutabilia
650 1555 780 1595 esse,
809 1543 1000 1586 acriter
1028 1542 1394 1597 refragaretur.
1425 1543 1483 1584 In
1503 1554 1567 1586 eo
1595 1542 1787 1594 libello,
1816 1554 1974 1596 quem
2005 1553 2144 1584 anno
2174 1541 2467 1595 insequenti

270 1615 308 1656 T
311 1615 452 1669 ycho
475 1614 649 1664 edidit,
673 1625 792 1667 quae
813 1613 883 1656 ita
905 1614 1172 1665 effecerat,
1196 1616 1446 1656 accurate
1467 1613 1761 1668 descripsit.
1784 1612 1987 1668 AdJ‘ecit
2006 1623 2151 1664 vero,
2174 1613 2380 1655 stellam
2400 1625 2466 1655 ne

270 1686 322 1727 in
348 1684 679 1739 planetarum
709 1685 921 1738 quidem
950 1684 1165 1727 orbibus
1190 1685 1370 1727 locum
1396 1684 1594 1727 habere
1614 1696 1786 1739 posse,
1808 1683 2068 1738 siquidem
2088 1695 2182 1726 sex
2202 1684 2465 1726 mensium

272 1756 442 1810 spatio
462 1757 641 1798 locum
662 1755 797 1798 inter
816 1756 992 1798 stellas
1012 1755 1147 1797 fixas
1167 1767 1274 1798 non
1293 1755 1624 1807 mutavisset;
1653 1768 1780 1798 nam
1805 1754 1872 1797 »si
1899 1755 2018 1797 haec
2045 1754 2195 1797 stella
2215 1754 2268 1797 in
2288 1754 2466 1809 aliquo

273 1827 480 1870 orbium
501 1829 704 1880 septem
726 1826 1013 1868 errantium
1034 1826 1266 1868 siderum
1288 1827 1706 1878 constitueretur,
1723 1825 2023 1869 necessario
2045 1837 2169 1868 cum
2188 1825 2303 1880 ipso
2320 1825 2464 1877 orbe,
2540 1816 2543 1819 ⁴

273 1898 357 1941 cui
383 1897 545 1939 affixa
572 1899 723 1948 esset,
748 1900 931 1939 contra
952 1897 1195 1939 diurnam
1215 1897 1599 1940 revolutionem
1622 1897 2152 1940 circumduceretur«.
2177 1896 2271 1939 His
2291 1896 2466 1940 verbis

272 1968 609 2022 perspicuum
638 1970 736 2018 est,
767 1967 940 2021 ipsum
966 1968 1296 2021 Tychonem,
1326 1968 1413 2022 qui
1442 1968 1638 2011 solidas
1666 1968 1922 2022 sphaeras,
1955 1979 2074 2021 quae
2104 1968 2342 2021 planetas
2373 1968 2466 2011 cir-

274 2039 667 2088 cumducerent,
686 2038 900 2081 omnino
922 2051 1028 2082 non
1049 2050 1179 2091 esse,
1195 2042 1380 2093 postea
1396 2040 1536 2082 clare
1552 2039 1949 2090 demonstravit,
1965 2038 2051 2082 illo
2066 2042 2323 2093 tempore,
2341 2039 2464 2093 quin

273 2110 405 2151 tales
432 2112 619 2160 essent,
640 2110 876 2151 nondum
904 2109 1185 2152 dubitasse.
1210 2109 1365 2161 Quod
1384 2121 1512 2153 vero
1540 2110 1625 2152 alii
1651 2121 1854 2161 eorum,
1878 2109 1966 2163 qui
1992 2111 2199 2153 stellam
2220 2109 2466 2153 observa-

275 2182 474 2230 verant,
498 2183 828 2222 cometarum
855 2191 976 2222 eam
1003 2191 1118 2223 esse
1149 2181 1407 2234 »aliquam
1434 2181 1755 2235 peculiarem
1782 2180 2040 2234 speciem«
2065 2181 2462 2233 contenderunt,

275 2251 378 2293 hoc
405 2250 525 2291 inde
551 2250 836 2292 refutatum
857 2263 971 2293 esse
992 2251 1325 2303 existimavit,
1349 2252 1491 2305 quod
1512 2254 1653 2294 certe
1673 2251 1807 2293 inter
1826 2252 2002 2294 stellas
2022 2252 2158 2294 fixas
2177 2252 2355 2295 locum
2375 2251 2466 2294 ha-

277 2321 436 2372 beret,
454 2332 576 2363 cum
596 2321 731 2363 infra
748 2322 954 2364 Lunam
974 2321 1026 2363 in
1046 2322 1316 2375 superiore
1337 2322 1472 2365 aeris
1491 2321 1702 2376 regione
1723 2324 1961 2364 cometas
1983 2322 2105 2365 oriri
2126 2322 2260 2365 inter
2280 2334 2466 2366 omnes

277 2391 619 2445 philosophos
647 2395 927 2435 constaret.
951 2393 1053 2435 Sed
1078 2394 1260 2447 legem,
1284 2405 1445 2446 quam
1471 2392 1582 2447 ipse
1608 2392 1705 2435 sibi
1732 2392 1964 2444 dederat,
1986 2405 2052 2436 ne
2071 2393 2224 2436 ullius
2245 2393 2467 2436 auctori-

276 2461 369 2503 tati
394 2465 593 2504 temere
620 2463 923 2515 confideret,
945 2463 1123 2505 statim
1149 2475 1263 2506 sese
1284 2463 1431 2517 sequi
1453 2463 1698 2515 ostendit;
1727 2463 1886 2506 adicit
1912 2463 2068 2515 enim,
2091 2475 2215 2506 cum
2235 2463 2465 2518 primum

278 2535 487 2574 cometa
513 2532 778 2584 exstiterit,
800 2534 938 2576 hanc
967 2534 1314 2587 quaestionem
1341 2534 1405 2577 de
1433 2536 1766 2577 cometarum
1793 2533 2041 2576 distantia
2062 2547 2094 2577 a
2112 2534 2272 2577 Terra
2291 2534 2466 2589 ipsum

277 2614 333 2644 se
353 2614 446 2655 per
466 2602 860 2646 observationes
882 2604 1302 2659 dijudicaturum.

338 2672 563 2715 Libellus
592 2672 675 2715 De
704 2684 846 2716 nova
876 2674 1037 2717 stella
1066 2675 1259 2729 prodiit
1287 2687 1426 2718 anno
1461 2675 1587 2718 1573.
1619 2675 1853 2729 Scriptus
1882 2678 1995 2718 erat
2025 2675 2280 2730 primitus,
2311 2678 2369 2718 ut
2397 2677 2466 2719 ad

278 2742 403 2784 illud
422 2743 575 2797 hujus
597 2744 718 2786 anni
739 2745 979 2797 diarium,
997 2746 1139 2799 quod
1158 2758 1318 2800 supra
1340 2745 1901 2798 commemoravimus,
1917 2746 2214 2798 adderetur,
2230 2747 2323 2789 sed
2343 2746 2463 2798 hoc,

278 2816 471 2866 praeter
502 2814 868 2866 praefationem
901 2819 952 2858 et
984 2817 1246 2859 calculum
1280 2816 1490 2870 deliquii
1524 2817 1746 2859 Lunaris
1775 2817 1970 2859 mensis
2003 2816 2313 2860 Decembris
2343 2817 2465 2860 anni

284 2883 409 2934 1573,
431 2883 569 2937 typis
590 2885 910 2940 descriptum
931 2898 1037 2929 non
1057 2889 1149 2929 est.
1174 2886 1342 2941 Hujus
1361 2886 1437 2929 rei
1459 2898 1649 2930 causas
1668 2887 1780 2942 ipse
1801 2887 1958 2930 affert
1975 2887 2173 2942 Tycho,
2197 2889 2339 2942 quod
2358 2900 2465 2931 non

279 2954 389 2996 sine
421 2966 630 2996 summa
663 2956 969 2999 difficultate
1000 2959 1078 2999 tot
1109 2957 1291 3011 figurae
1325 2957 1756 3012 exprimerentur,
1791 2969 1854 3001 ac
1887 2961 2147 3012 praeterea
2180 2970 2363 3010 annus,
2398 2959 2466 3001 ad

282 3036 438 3077 quem
468 3025 760 3078 pertinebat
789 3026 1029 3078 diarium,
1052 3027 1268 3070 dimidia
1298 3028 1408 3071 fere
1438 3028 1518 3070 sui
1546 3031 1695 3082 parte
1722 3028 1994 3072 absolutus
2015 3032 2166 3072 esset.
2190 3029 2372 3083 Neque
2392 3032 2465 3072 ta-

281 3106 402 3137 men
434 3095 519 3136 hae
552 3096 680 3138 solae
714 3108 891 3139 causae
922 3097 1083 3140 fuisse
1111 3098 1368 3141 videntur.
1400 3099 1458 3141 In
1490 3098 1660 3153 primo
1693 3102 1890 3142 nostrae
1923 3099 2164 3143 editionis
2189 3103 2337 3143 tomo
2367 3100 2465 3154 pri-

342 3180 352 3203 1
375 3178 522 3213 Verbis
543 3181 581 3214 et
599 3178 722 3214 lineis
744 3179 975 3224 designavit
993 3181 1137 3225 Tycho
1158 3182 1385 3226 Progymn.
1409 3183 1423 3216 1
1446 3193 1483 3227 p.
1498 3183 1567 3217 336
1582 3192 1669 3227 sqq.
