2678 4069
262 187 305 235 L
801 173 1470 228 PROLEGOMENA
1497 171 1902 223 EDITORIS

260 325 367 377 ejus
389 320 760 366 absolveretur,
792 317 862 357 ita
883 318 939 356 ut
958 317 1077 367 post
1096 313 1239 354 illam
1262 313 1478 353 demum
1499 310 1629 352 liber
1649 310 1817 352 editus
1839 310 1916 352 sit.
1950 311 2147 352 Eodem
2168 322 2297 353 vero
2317 314 2445 353 tem-

259 404 400 447 pore,
433 401 534 442 quo
564 388 664 437 hic,
699 387 829 428 alius
859 386 988 427 liber
1016 382 1331 435 Uraniburgi
1358 381 1498 434 typis
1528 380 1820 434 descriptus
1851 383 1978 431 erat,
2011 379 2279 433 Epistulae
2306 381 2446 423 GUI-

259 460 465 504 LELMI
506 458 711 499 Hassiae
746 455 1060 509 Landgravii
1096 454 1354 508 hujusque
1394 451 1687 493 astronomi
1726 451 2208 494 CHRISTOPHORI
2249 451 2446 493 ROTH-

260 529 478 573 ΜΑΝΝΙ
511 529 576 570 ad
605 527 911 580 Tychonem
941 525 1151 577 scriptae
1181 523 1439 577 hujusque
1470 522 1538 563 ad
1567 521 1683 564 illos
1714 532 1990 574 responsa;
2027 522 2114 574 qui
2145 522 2275 563 liber
2305 534 2444 564 anno

261 600 369 642 1596
391 599 611 641 emissus
632 601 723 639 est.
749 596 848 638 Hae
869 596 1106 649 epistulae
1127 595 1260 636 inter
1280 604 1482 643 omnes,
1507 604 1638 644 quas
1658 592 1725 633 ad
1741 594 1986 634 externos
2000 592 2243 634 homines
2258 593 2446 635 doctos

255 673 293 712 T
295 671 432 724 ycho
461 668 599 710 misit
627 668 691 708 ab
719 667 919 719 illisque
948 665 1165 718 accepit,
1194 666 1346 717 longe
1373 663 1700 717 gravissimae
1727 666 1847 704 sunt
1872 663 1986 718 (etsi
2009 663 2142 705 inter
2161 663 2276 705 illos
2298 667 2447 705 erant

257 739 569 782 SCALIGER
592 738 836 779 KEPLER
865 736 1090 790 aliique);
1119 735 1384 777 uberrime
1412 733 1551 775 enim
1578 733 1630 774 in
1655 733 1716 774 iis
1745 733 2040 786 disputatur
2065 734 2130 775 de
2156 734 2447 776 rationibus

257 809 585 858 observandi,
626 820 744 860 quae
780 807 1093 860 Uraniburgi
1131 805 1532 854 adhibebantur,
1572 804 1752 856 iisque,
1794 816 1914 857 quae
1952 804 2022 846 ibi
2059 804 2271 846 inventa
2304 807 2444 855 sunt;

257 892 416 934 quare
438 879 719 932 plurimum
741 878 859 919 inde
881 878 1083 919 discere
1103 887 1402 930 possumus.

314 950 712 1002 Wandesburgo
735 952 911 990 autem
935 959 1072 990 anno
1093 947 1203 989 1598
1217 947 1398 1000 Tycho
1421 946 1612 988 librum
1634 944 1820 995 emisit,
1845 944 1932 997 qui
1945 945 2245 987 inscribitur
2257 944 2448 987 Astro-

255 1019 452 1062 nom1'ae
472 1019 787 1061 instauratae
807 1017 1151 1069 Mecbam’ca,
1179 1029 1282 1071 quo
1304 1018 1775 1058 instrumentorum
1797 1017 1907 1070 ejus
1929 1016 2307 1069 descriptiones
2328 1028 2448 1059 con-

254 1093 493 1133 tinentur.
523 1090 691 1131 Facile
712 1090 1035 1143 intellegitur,
1059 1100 1182 1131 cum
1203 1100 1402 1130 novam
1423 1087 1605 1129 sedem
1628 1089 1903 1139 quaereret,
1926 1086 2222 1128 interfuisse
2243 1087 2369 1141 ejus,
2391 1090 2448 1128 ut

253 1162 449 1203 mundo
479 1161 791 1211 ostenderet,
821 1172 940 1213 quae
967 1160 1287 1213 perfecisset,
1317 1169 1480 1211 quare
1502 1169 1726 1211 operum
1747 1168 1967 1199 suorum
1989 1161 2334 1210 conspectum
2363 1158 2449 1199 ad-

248 1233 383 1287 jecit.
408 1233 805 1274 Commemorat
826 1231 1012 1273 orbitae
1028 1230 1161 1272 Solis
1182 1231 1443 1271 elementa
1465 1232 1721 1278 correcta,
1746 1239 1970 1281 quaeque
1991 1228 2043 1269 in
2059 1228 2265 1270 theoria
2282 1229 2447 1270 Lunae

253 1303 546 1353 invenisset,
569 1304 687 1344 loca
703 1303 842 1343 mille
857 1302 1129 1343 stellarum
1146 1303 1394 1343 accurate
1410 1299 1639 1349 definita,
1662 1298 2035 1341 refutationem
2050 1299 2241 1341 veteris
2257 1299 2449 1342 erroris

254 1375 317 1415 de
349 1373 693 1426 trepidatione
725 1372 1181 1426 aequinoctiorum‚
1215 1371 1434 1425 ingentis
1464 1371 1800 1424 planetarum
1830 1369 2266 1412 observationum
2294 1370 2450 1412 molis

254 1444 618 1487 collectionem
640 1455 702 1486 eo
720 1443 936 1485 consilio
954 1443 1223 1496 diligenter
1239 1445 1500 1495 paratam,
1522 1445 1579 1482 ut
1593 1452 1762 1483 novas
1777 1440 1987 1482 tabulas
2003 1443 2247 1482 motuum
2263 1452 2449 1483 eorum

254 1514 558 1565 conficeret3
582 1514 804 1567 denique
826 1513 1334 1555 demonstrationem
1356 1525 1387 1554 a
1408 1524 1464 1554 se
1485 1511 1794 1565 perfectam,
1818 1514 2057 1553 cometas
2079 1512 2319 1554 caelestes
2334 1523 2450 1554 esse

255 1597 316 1627 ac
347 1585 548 1639 longius
578 1597 738 1638 quam
771 1585 977 1626 Lunam
1007 1585 1216 1627 distare.
1252 1583 1593 1637 Splendidum
1627 1581 1866 1635 profecto
1899 1582 2260 1624 testimonium
2291 1582 2447 1632 dedit,

255 1657 466 1709 dignum
499 1667 554 1697 se
588 1667 717 1705 esse,
753 1656 840 1708 qui
872 1667 995 1697 cum
1030 1654 1402 1696 HIPPARCHO
1437 1651 1826 1695 PTOLEMAEO
1861 1652 2224 1695 COPERNICO
2259 1654 2449 1696 eodem

254 1728 372 1768 loco
401 1730 550 1768 esset.
581 1727 748 1768 Etiam
777 1726 1002 1779 catalogi
1027 1727 1297 1767 stellarum
1326 1725 1570 1777 exempla
1597 1736 1759 1765 manu
1787 1724 1983 1776 scripta
2003 1724 2127 1766 viris
2151 1724 2450 1777 potentibus

255 1798 416 1839 missa
437 1800 571 1846 sunt,
595 1800 645 1838 et
670 1797 721 1838 in
741 1808 896 1838 usum
916 1796 1249 1849 imperatoris
1271 1795 1495 1837 diarium
1517 1805 1779 1836 annorum
1805 1793 1916 1836 1598
1937 1797 1988 1836 et
2012 1794 2124 1836 1599
2145 1794 2449 1837 confectum

256 1871 347 1917 est,
372 1868 438 1909 ad
460 1868 600 1920 quod
622 1867 911 1909 accedebat
931 1867 1250 1920 prooemium
1270 1866 1580 1908 historicum
1601 1865 1829 1907 uberius.
1862 1865 1960 1907 Hic
1982 1865 2112 1907 liber
2131 1877 2266 1907 unus
2288 1868 2402 1908 erat
2422 1877 2450 1907 e

255 1938 434 1988 tribus,
464 1950 595 1990 quos
617 1937 986 1980 RUDOLPHO
1008 1937 1329 1990 1mperatori,
1359 1948 1482 1978 cum
1510 1937 1741 1989 primum
1771 1936 1838 1977 ad
1866 1947 1987 1977 eum
2014 1936 2275 1978 admissus
2297 1939 2448 1987 esset,

255 2009 435 2062 Tycho
452 2009 650 2051 obtulit.
675 2008 979 2061 Numquam
997 2008 1135 2061 typis
1151 2007 1442 2060 descriptus
1464 2010 1557 2057 est,
1581 2010 1737 2059 atque
1757 2006 1914 2049 hodie
1934 2008 2255 2060 prooemium
2276 2008 2449 2049 solum

257 2083 307 2121 et
328 2079 620 2132 fragmenta
642 2079 1040 2132 ephemeridum
1062 2081 1283 2127 exstant,
1307 2089 1427 2130 quae
1449 2088 1544 2119 nos
1566 2088 1704 2119 nunc
1725 2077 1956 2130 primum
1978 2078 2165 2119 edituri
2184 2089 2382 2120 sumus.

317 2150 526 2191 Restant
557 2150 732 2199 etiarn,
774 2161 893 2202 quae
926 2149 1149 2191 dicenda
1182 2149 1282 2190 sint
1315 2149 1379 2190 de
1410 2149 1448 2189 T
1451 2148 1675 2201 ychonis
1708 2148 1889 2189 studiis
1923 2148 1990 2190 ad
2028 2148 2204 2191 Solem
2243 2149 2449 2190 Lunam

258 2221 598 2273 planetasque
619 2220 1007 2273 pertinentibus,
1032 2231 1258 2272 quorum
1279 2219 1366 2260 illa
1387 2220 1451 2260 de
1467 2219 1585 2260 Sole
1601 2222 1651 2260 et
1667 2218 1816 2260 Luna
1831 2218 1882 2260 in
1898 2218 2446 2272 Progymnasmatum

258 2291 427 2343 prima
448 2294 596 2343 parte
618 2291 997 2340 describuntur,
1027 2302 1148 2332 cum
1171 2291 1235 2331 de
1256 2291 1589 2343 planetarum
1611 2292 1759 2331 motu
1782 2290 1849 2331 ad
1870 2301 1961 2332 eos
1981 2293 2187 2332 tantum
2215 2290 2450 2332 calculos

259 2361 567 2413 pervenerit,
591 2361 678 2413 qui
698 2361 1098 2414 praeparationis
1120 2372 1282 2402 causa
1304 2360 1529 2402 faciendi
1550 2363 1714 2402 erant.

317 2431 388 2472 Eo
413 2430 525 2484 Jam
554 2435 809 2484 tempore,
842 2443 966 2473 cum
991 2431 1171 2483 Tycho
1202 2431 1405 2473 Hvenae
1436 2430 1760 2473 domicilium
1792 2431 2089 2481 collocavit,
2121 2431 2254 2473 Solis
2286 2431 2451 2472 altitu-

260 2501 433 2542 dinem
455 2501 803 2543 meridianam
825 2504 1128 2557 constanter
1152 2502 1436 2543 observare
1457 2501 1616 2554 coepit
1637 2512 1699 2543 eo
1722 2501 1956 2551 consilio,
1984 2505 2041 2543 ut
2061 2501 2193 2544 Solis
2221 2501 2450 2544 orbitam

261 2583 492 2613 annuam
527 2575 774 2614 accurate
808 2572 1060 2622 definiret,
1103 2583 1165 2613 ac
1198 2576 1354 2625 prout
1387 2572 1662 2614 crescebat
1694 2583 1945 2613 numerus
1978 2572 2449 2614 instrumentorum

260 2642 384 2695 ejuS‚
407 2642 639 2694 pluribus
662 2643 1038 2695 quadrantibus
1059 2643 1213 2684 simul
1234 2643 1493 2684 utebatur.
1521 2644 1638 2684 Post
1657 2654 1896 2684 mensem
1920 2642 2171 2684 Martium
2193 2643 2315 2684 anni
2339 2642 2450 2684 1582

259 2712 513 2764 imprimis
539 2712 784 2754 utebatur
811 2724 1002 2766 magno
1025 2712 1329 2762 Quadrante
1357 2713 1561 2763 murali,
1591 2713 1965 2755 declinationes
1992 2724 2136 2763 vero,
2165 2716 2449 2766 postquam

260 2782 649 2824 exaedificatum
671 2786 784 2825 erat
804 2783 1218 2836 Stellaeburgum,
1241 2795 1334 2835 per
1347 2784 1593 2825 Armillas
1614 2783 1878 2825 maximas
1898 2784 2024 2825 satis
2045 2786 2348 2825 constanter
2363 2783 2450 2825 ob-

261 2852 521 2894 servabat.
558 2853 657 2895 Sed
687 2857 805 2906 post
835 2866 1032 2895 annum
1067 2853 1192 2903 1590,
1229 2864 1351 2895 cum
1382 2865 1445 2895 ea
1475 2865 1597 2906 pars
1628 2852 2195 2906 progymnasmatum,
2231 2866 2351 2906 quae
2382 2854 2449 2895 ad

260 2922 436 2963 Solem
457 2924 763 2975 pertinebat,
795 2924 1035 2965 absoluta
1057 2927 1107 2965 et
1125 2924 1263 2977 typis
1285 2924 1546 2977 descripta
1569 2927 1720 2973 esset,
1750 2923 1926 2965 Solem
1954 2924 2126 2966 minus
2147 2926 2450 2966 constanter

261 2993 593 3035 observabat.
617 2994 955 3046 AEquinoctia
977 3005 1236 3035 annorum
1259 3006 1289 3035 a
1315 2994 1425 3035 1584
1446 2995 1513 3036 ad
1539 2994 1649 3036 1588
1670 2994 1939 3047 diligenter
1958 2994 2172 3036 definita
2191 2997 2324 3036 sunt.
2348 2994 2449 3036 Sed

261 3063 381 3114 quia
407 3064 747 3105 solstitiorum
773 3068 981 3116 tempus
1007 3067 1255 3106 accurate
1277 3064 1493 3106 definire
1514 3064 1725 3106 difficile
1746 3068 1874 3114 erat,
1903 3068 2183 3117 propterea
2205 3065 2345 3117 quod
2367 3065 2450 3106 de-

261 3133 485 3181 clinatio,
509 3145 632 3175 cum
654 3134 889 3175 maxima
910 3138 988 3176 est
1009 3136 1263 3176 adversus
1284 3135 1662 3187 septentriones
1684 3138 1734 3176 et
1756 3135 2010 3176 adversus
2032 3135 2321 3184 meridiem,
2349 3138 2450 3176 tar-

261 3202 472 3244 dissime
493 3207 739 3255 mutatur,
764 3205 831 3245 ad
852 3204 982 3246 Solis
1005 3205 1232 3246 orbitam
1253 3204 1607 3246 definiendam
1628 3205 1724 3246 illis
1743 3204 1922 3257 Tycho
1944 3215 2050 3246 non
2070 3205 2329 3247 utebatur.
2353 3205 2449 3246 Pro
