2678 4069
289 188 525 241 XLVIII
825 175 1494 231 PROLEGOMENA
1521 172 1926 224 EDITORIS

288 329 546 369 mutatam
576 332 689 363 esse
719 318 1104 371 suspicabatur;
1140 315 1233 357 sed
1263 325 1387 356 cum
1416 311 1823 366 trepidationem
1856 313 1999 353 recte
2031 309 2285 364 rejecerit,
2315 310 2470 352 facile

287 394 605 447 intellegitur,
623 390 780 432 etiam
800 385 1208 430 inconstantiam
1230 382 1548 437 obliquitatis
1568 382 1707 438 (quae
1722 381 1876 423 nimis
1892 392 2020 423 sane
2036 392 2229 434 magno
2246 380 2471 423 aestima-

288 464 456 519 batur)
476 474 597 505 eum
617 459 872 514 rejecisse,
889 456 1184 510 praesertim
1206 467 1329 498 cum
1350 465 1413 496 ea
1436 453 1730 506 obliquitas,
1749 450 1911 506 quam
1931 452 2240 494 invenerant
2252 451 2470 502 Arabes,

286 535 466 589 paucis
484 535 690 574 tantum
712 528 922 571 minutis
943 539 1022 577 ea,
1046 537 1208 579 quam
1229 525 1339 578 ipse
1359 524 1648 574 invenerat,
1672 523 1845 577 major
1864 525 2016 565 esset.

496 602 683 655 Viginti
704 611 871 641 annos
894 598 1096 639 Hvenae
1107 595 1334 638 TYCHO
1357 594 1540 637 studiis
1562 606 1782 648 operam
1804 594 2037 644 dederat,
2060 605 2185 636 curn
2204 604 2329 636 vere
2350 594 2473 635 anni

284 606 472 710 VI·
500 672 609 714 1597
619 672 755 713 hanc
771 670 997 711 insulam
1012 671 1062 709 et
1077 666 1224 709 brevi
1238 669 1357 720 post
1372 665 1532 708 etiam
1547 664 1775 719 patriam
1789 664 2085 717 relinquere
2096 675 2212 706 sese
2226 667 2472 718 oportere

285 743 612 789 existimavit.
632 742 798 795 Hujus
819 738 1021 782 consilii
1043 749 1234 780 causas
1248 737 1332 779 hic
1348 748 1455 778 non
1469 737 1617 778 locus
1632 738 1712 777 est
1725 734 1954 788 singulas
1969 734 2323 788 perquirendi;
2348 746 2472 777 cum

283 828 409 860 vero
443 814 653 857 exilium
673 810 936 864 Tychonis
967 809 1034 851 ad
1064 807 1236 850 studia
1267 806 1610 849 astronomiae
1639 806 2007 859 promovenda
2037 805 2335 847 maximum
2365 817 2474 848 mo-

285 890 520 930 mentum
550 884 667 925 ideo
698 880 954 930 habuerit,
983 879 1124 932 quod
1151 879 1223 920 ita
1249 879 1423 920 solum
1454 876 1747 919 KEPLERO
1775 876 1918 918 licuit
1943 887 2037 929 per
2062 877 2323 930 reliquum
2349 877 2473 919 vitae

284 957 511 1011 spatium
533 951 987 997 observationibus
998 949 1263 1003 Tychonis
1283 948 1548 990 liberrime
1567 947 1657 998 uti,
1674 959 1847 1001 pauca
1863 947 1928 989 de
1943 958 2007 989 ea
2020 958 2077 989 re
2092 947 2316 989 dicenda
2337 950 2471 989 sunt.

342 1027 475 1070 Satis
495 1029 679 1068 notum
701 1026 793 1073 est,
806 1021 1057 1076 Tychoni,
1082 1019 1325 1074 quamvis
1347 1031 1540 1073 magna
1561 1021 1736 1061 essent
1755 1018 1866 1072 ejus
1887 1018 2091 1068 merita,
2113 1018 2274 1071 ipsius
2293 1021 2475 1061 tamen

284 1100 437 1152 culpa
459 1108 582 1139 cum
602 1095 662 1137 iis
676 1094 816 1144 viris,
833 1093 919 1146 qui
935 1092 1121 1134 Daniae
1142 1091 1218 1133 rei
1236 1090 1464 1144 publicae
1484 1092 1789 1142 praeessent,
1806 1089 2000 1131 multas
2014 1088 2311 1131 inimicitias
2327 1089 2476 1132 inter-

284 1169 517 1212 cessisse.
557 1168 816 1209 Praeterea
849 1166 1028 1206 autem
1062 1162 1255 1212 officia,
1291 1173 1410 1214 quae
1438 1171 1562 1202 curn
1589 1160 1793 1214 magnis
1819 1159 2059 1213 pecuniae
2087 1160 2473 1212 donationibus,

284 1252 413 1294 quas
434 1239 628 1281 multos
648 1248 742 1290 per
763 1246 929 1278 annos
952 1236 1247 1287 acceperat,
1272 1232 1554 1286 conjuncta
1575 1234 1739 1282 erant,
1763 1243 1955 1284 magna
1977 1242 2188 1284 semper
2210 1232 2476 1286 neglegen-

281 1312 352 1353 tia
380 1313 656 1352 exsecutus
678 1310 804 1349 erat.
829 1306 982 1356 Quod
1004 1304 1114 1346 sine
1135 1303 1295 1346 dubio
1318 1302 1452 1357 regis
1478 1301 1858 1344 adulescentuli
1879 1301 2117 1343 animum
2143 1305 2329 1344 contra
2353 1313 2476 1344 eum

282 1382 516 1435 iniquum
537 1378 780 1428 reddidit;
803 1377 885 1419 ille
907 1376 1046 1418 enim
1068 1387 1261 1429 magna
1275 1374 1474 1429 justitia
1495 1373 1740 1427 impletus
1762 1375 1875 1414 erat
1890 1375 1940 1414 et
1955 1372 2021 1414 ab
2043 1372 2274 1424 homine,
2293 1372 2380 1426 qui
2394 1384 2479 1415 co-

282 1454 431 1495 lonos
447 1451 674 1504 quidem,
692 1460 824 1502 quos
838 1459 945 1490 non
966 1446 1144 1489 omnia
1165 1445 1278 1496 sibi,
1296 1457 1415 1499 quae
1437 1444 1703 1494 deberent,
1721 1444 1942 1486 reddere
1964 1443 2323 1495 arbitraretur,
2341 1456 2480 1486 sum-

284 1535 372 1565 ma
389 1521 674 1564 acerbitate
688 1522 956 1570 tractaret,
971 1518 1080 1572 ipse
1094 1528 1222 1559 vero
1238 1516 1290 1558 in
1305 1516 1411 1558 suis
1428 1514 1616 1557 officiis
1636 1514 1711 1556 rei
1730 1514 1958 1568 publicae
1978 1514 2295 1568 praestandis
2315 1516 2481 1569 negle-

283 1606 407 1647 gens
433 1596 585 1643 esset,
607 1591 760 1633 facile
791 1589 1006 1632 alienari
1026 1591 1247 1642 poterat.
1273 1587 1405 1629 Haec
1428 1590 1569 1628 certe
1590 1585 1862 1639 praecipua
1884 1596 2048 1627 causa
2069 1589 2198 1636 erat,
2221 1597 2317 1628 cur
2338 1597 2478 1628 anno

287 1664 397 1706 1596
417 1663 694 1717 praedium,
717 1662 858 1715 quod
879 1661 930 1702 in
952 1659 1213 1713 Norvegia
1234 1657 1376 1700 feudi
1390 1658 1507 1712 jure
1527 1656 1849 1710 possidebat,
1872 1656 1919 1698 ei
1940 1656 2320 1699 detraheretur.
2345 1656 2478 1707 Quae

284 1739 469 1778 contra
490 1747 612 1777 eum
633 1732 833 1775 insidiae
855 1731 1207 1779 struebantur,
1225 1729 1385 1771 etiam
1401 1741 1432 1770 a
1447 1727 1708 1770 nonnullis
1722 1727 2112 1780 professoribus
2126 1727 2480 1770 universitatis

284 1806 726 1854 sustentabantur,
751 1814 883 1856 quos
910 1812 1103 1855 magno
1132 1811 1291 1854 opere
1312 1799 1676 1841 concitaverat
1695 1798 1960 1852 Tychonis
1980 1811 2137 1841 vanae
2157 1798 2296 1849 fidei,
2319 1798 2479 1841 medi·
2539 1818 2543 1821 ’

285 1877 418 1919 cinae
450 1874 707 1928 imprimis
740 1873 1065 1922 Galenianae,
1102 1874 1436 1923 contemptus
1470 1872 1649 1923 aperte
1681 1869 2064 1922 pronuntiatus.
2100 1869 2205 1911 Etsi
2237 1880 2365 1911 vero
2385 1869 2480 1923 Ty-

285 1948 386 1990 cho
423 1950 664 1999 sumptus
703 1943 1083 1987 circumcidere
1122 1944 1341 1984 coactus
1380 1944 1508 1992 erat,
1542 1940 1660 1983 haec
1699 1944 1881 1982 tamen
1920 1951 2084 1982 causa
2122 1940 2249 1982 satis
2288 1940 2479 1982 idonea

285 2029 390 2060 non
417 2020 544 2067 erat,
574 2028 668 2058 cur
694 2015 921 2069 patriam
948 2014 1277 2066 relinqueret,
1307 2011 1560 2065 quoniam
1588 2011 1735 2053 brevi
1761 2015 1881 2064 post
1906 2011 2189 2064 pecuniam
2217 2011 2344 2053 satis
2372 2023 2481 2053 am-

285 2090 428 2142 plam
451 2087 672 2130 ducibus
694 2084 1282 2138 Mecklenburgensibus
1304 2086 1547 2124 mutuam
1563 2085 1819 2135 praestare
1833 2085 2055 2136 poterat.
2074 2082 2301 2124 Gravior
2315 2093 2479 2124 causa

286 2163 398 2201 erat
413 2159 522 2201 sine
537 2157 696 2200 dubio
719 2156 958 2199 condicio
981 2154 1207 2205 humilis,
1225 2166 1328 2207 qua
1350 2154 1401 2195 in
1422 2153 1674 2195 societate
1696 2153 1834 2196 civili
1853 2153 2002 2195 liberi
2017 2154 2143 2208 ejus,
2161 2153 2248 2206 qui
2262 2153 2349 2195 illo
2364 2153 2479 2207 ipso

285 2234 524 2283 tempore
545 2232 702 2271 aetate
724 2228 902 2270 adulta
924 2229 1087 2275 erant,
1104 2226 1402 2275 utebantur,
1415 2228 1597 2277 utpote
1619 2224 1706 2277 qui
1721 2237 1752 2266 a
1768 2225 1986 2266 muliere
2002 2224 2212 2278 ignobili
2226 2224 2482 2278 progeniti

287 2303 473 2343 essent.
498 2299 666 2341 Facile
693 2298 902 2341 dicebat
928 2298 1009 2339 ille
1036 2296 1264 2349 quidem,
1287 2299 1344 2337 ut
1369 2307 1512 2348 saepe
1533 2295 1585 2337 in
1606 2296 1945 2346 carminibus,
1969 2295 2191 2349 gradum
2219 2295 2479 2349 dignitatis

288 2375 338 2413 et
358 2371 584 2424 clipeum
605 2369 886 2411 nobilitatis
907 2367 1050 2410 nihili
1069 2379 1125 2409 se
1147 2367 1434 2417 aestimare3
1459 2366 1713 2408 acerbum
1728 2370 1910 2409 tamen
1925 2366 1971 2408 ei
1985 2365 2095 2416 fuit,
2113 2366 2255 2419 quod
2270 2366 2477 2408 duobus

288 2442 397 2496 ejus
424 2440 556 2491 filiis,
579 2451 703 2482 cum
731 2439 879 2481 annis
904 2438 1015 2480 1590
1036 2442 1086 2480 et
1110 2437 1220 2479 1593
1248 2437 1299 2478 in
1327 2437 1663 2479 academiam
1684 2437 1945 2479 Soranam
1967 2436 2113 2479 missi
2134 2440 2322 2486 essent,
2345 2436 2479 2479 inter

288 2511 570 2564 discipulos
590 2510 840 2564 ignobiles
861 2511 1009 2551 locus
1031 2508 1325 2562 assignatus
1346 2511 1439 2549 est.
1457 2507 1573 2549 Hac
1590 2508 1654 2549 de
1671 2519 1834 2550 causa
1851 2519 1989 2550 anno
2009 2507 2120 2549 1594
2135 2519 2256 2549 earn
2270 2510 2477 2560 partem

289 2581 642 2634 Knudstorpii,
664 2580 867 2634 paterni
893 2580 973 2622 sui
998 2579 1197 2633 praedii‚
1221 2590 1340 2631 quae
1363 2578 1409 2620 ei
1430 2578 1734 2629 obvenerat,
1757 2578 2004 2620 vendidit.
2026 2579 2286 2620 Praeterea
2312 2577 2478 2620 filiam

288 2665 441 2695 suam
462 2656 588 2694 natu
610 2651 902 2693 maximam
924 2650 1178 2703 discipulo
1201 2649 1414 2692 cuidam
1436 2650 1810 2702 spoponderat,
1833 2648 1921 2702 qui
1947 2648 2347 2691 matrimonium
2369 2661 2479 2690 mu-

288 2724 426 2765 lieris
446 2722 632 2765 nobilis
654 2721 907 2763 affectare
928 2732 1034 2762 non
1054 2720 1241 2773 potuit;
1272 2720 1422 2774 cujus
1444 2719 1713 2761 affinitatis
1735 2719 2008 2761 dissolutio
2030 2731 2281 2773 magnam
2303 2719 2350 2761 ei
2370 2730 2479 2761 mo-

288 2793 495 2835 lestiam
517 2792 699 2835 attulit.
716 2793 791 2834 Ac
812 2791 932 2833 licet
952 2792 1111 2833 etiam
1127 2790 1398 2843 suspicari,
1417 2802 1539 2832 eum
1555 2790 1653 2832 sibi
1666 2790 1896 2840 finxisse,
1914 2789 2029 2832 fieri
2042 2801 2214 2843 posse,
2231 2793 2288 2831 ut
2303 2789 2479 2843 magni

289 2864 368 2906 sui
390 2864 820 2906 observationum
840 2861 1087 2911 thesauri,
1106 2861 1293 2914 quibus
1316 2861 1642 2902 astronomia
1663 2861 2006 2902 instauranda
2028 2864 2179 2910 esset,
2196 2861 2298 2902 hac
2315 2871 2479 2902 causa

289 2935 431 2976 illata
459 2934 555 2976 sibi
581 2934 918 2986 eriperentur,
942 2932 1082 2985 quod
1109 2931 1320 2985 publica
1349 2931 1573 2984 pecunia
1600 2931 1805 2974 collecti
1831 2931 2054 2984 ideoque
2074 2931 2172 2984 ipsi
2191 2930 2386 2984 publici
2405 2942 2480 2973 es-

290 3009 417 3047 sent.
443 3004 574 3046 Haec
603 3004 814 3056 quidem
842 3014 990 3044 mera
1017 3006 1095 3044 est
1122 3001 1312 3055 opiniO,
1336 3002 1428 3043 sed
1455 3002 1609 3044 facile
1636 3005 1777 3044 certe
1798 3002 1850 3043 in
1871 3005 2104 3043 mentem
2126 3001 2172 3044 ei
2192 3002 2371 3043 venire
2390 3012 2479 3054 po-

289 3079 424 3117 terat
451 3075 653 3116 amicus
674 3075 784 3128 ejus
807 3073 1154 3123 VEDELIUS,
1179 3072 1265 3125 qui
1287 3072 1476 3113 silvam
1498 3083 1692 3122 rerum,
1717 3084 1894 3125 quarn,
1916 3076 1973 3114 ut
1993 3072 2270 3114 historiam
2292 3072 2479 3113 Daniae

289 3147 583 3195 illustraret,
608 3155 799 3198 magno
827 3144 1010 3185 labore
1037 3144 1333 3196 collegerat,
1358 3142 1506 3184 alteri
1531 3143 1741 3184 tradere
1769 3146 1988 3185 coactus
2016 3146 2144 3194 erat,
2168 3142 2288 3195 quia
2315 3142 2389 3184 uti
2416 3153 2479 3184 ea

290 3216 443 3257 nimis
464 3215 700 3258 cunctari
719 3215 1008 3256 videbatur.
