2678 4069
137 1054 178 1087 10

134 1411 174 1444 15

126 2483 172 2516 30

126 2839 171 2873 35

127 3194 172 3228 40

646 261 759 312 DE
786 262 1306 316 DISCIPLINIS
1334 266 2014 321 MATHEMATICIS
2340 273 2430 324 147

229 402 354 463 bus,
376 402 666 454 machinis
680 402 917 463 bellicis,
939 404 1255 469 multisque
1270 408 1627 461 mechanicis
1642 426 1744 474 per
1761 412 2165 463 Geometriam
2180 416 2430 466 inventis

230 473 521 537 operibuS‚
545 475 756 537 quibus
778 474 875 525 uel
895 476 1204 527 manuales
1226 478 1473 531 artifices
1493 488 1749 541 Vtuntur,
1772 482 1869 533 uel
1889 485 2275 536 instrumenta
2297 486 2429 536 coeli

230 545 606 608 siderumque
645 545 922 605 motibuS,
964 546 1211 610 alijsque
1251 551 1312 598 in
1350 557 1502 602 terra
1542 552 1996 605 dimensionibus
2036 555 2427 615 obseruandis,

229 616 445 667 idonea
467 615 878 667 conficiuntur:
904 623 967 667 ut
988 633 1110 667 non
1131 621 1327 670 minus
1349 630 1570 672 certum
1593 630 1645 673 et
1661 625 2007 687 jucundum,
2037 642 2216 688 quam
2237 628 2427 678 multi-

229 687 363 751 plex
391 694 444 738 et
471 703 782 751 nunquam
809 690 1040 751 penitus
1069 688 1541 743 exhauriendum
1567 694 1628 744 sit
1651 695 2008 747 Geometriae
2036 698 2314 749 studium:
2343 706 2426 749 ut-

229 773 343 822 que
364 757 543 809 verbo
565 774 690 809 rem
709 765 894 810 totam
915 759 1122 819 dicam,
1148 775 1270 810 non
1292 768 1375 812 est
1396 764 1553 825 quod
1575 768 1888 828 quisquam
1910 768 2217 831 singularis
2240 770 2426 820 erudi—

228 832 402 880 tionis
422 829 677 889 laudem‚
706 833 807 893 qui
830 830 1190 881 Geometriae
1212 834 1448 895 ignarus
1473 834 1659 894 fuerit,
1687 836 1785 887 fibi
1808 840 1938 900 jure
1960 840 2238 890 vendicet.
2269 840 2427 891 Huic

228 904 378 952 inter
393 900 847 952 Mathematicas
869 901 1197 965 disciplinas
1218 902 1464 955 succedit
1479 906 1878 968 Arithmetica,
1902 925 2034 972 quae
2057 910 2186 961 licet
2208 911 2280 962 ab
2301 914 2428 974 ipsa

230 972 574 1024 Geometria
612 972 851 1023 suorum
889 975 1314 1036 principiorum
1348 975 1873 1029 demonstrationes
1909 980 2189 1041 sortiatur,
2229 989 2427 1033 tamen

228 1043 356 1094 haec
383 1059 505 1094 non
533 1043 787 1107 amplius
815 1046 967 1095 circa
994 1047 1346 1107 quantitates
1375 1049 1698 1107 continuaS‚
1731 1050 1829 1100 sed
1862 1051 2126 1102 discretas
2153 1052 2424 1112 versatur,

226 1121 464 1178 totaque
485 1117 547 1165 in
562 1130 950 1166 numerorum
966 1116 1459 1179 contemplatione
1475 1118 1807 1170 absoluitur.
1831 1121 1980 1172 Haec
1995 1122 2227 1174 scientia
2243 1140 2425 1187 quan-

226 1193 348 1237 tam
368 1189 430 1237 in
451 1189 755 1237 communi
775 1189 910 1246 vita,
932 1189 1193 1238 minimis
1214 1187 1415 1239 saltem
1435 1188 1519 1239 sui
1540 1190 1799 1252 partibus
1817 1192 2102 1256 vsurpata,
2124 1194 2426 1246 vtilitatem

227 1257 456 1317 habeat,
485 1260 786 1308 neminem
807 1260 1077 1322 ignorare
1099 1257 1362 1319 arbitror,
1389 1263 1659 1323 quamvis
1680 1262 1865 1313 multo
1887 1263 2058 1314 latius
2079 1264 2133 1315 se
2156 1266 2426 1317 extendat

227 1344 614 1380 numerorum
641 1327 919 1389 doctrina,
948 1336 1003 1380 et
1029 1345 1151 1380 non
1178 1333 1375 1382 minus
1398 1347 1578 1395 quam
1601 1332 1942 1385 Geometria
1969 1334 2274 1396 infinitam,
2303 1353 2369 1388 ac
2391 1353 2427 1388 a

225 1403 462 1451 nemine
495 1400 836 1452 mortalium
868 1403 1101 1464 penitus
1134 1400 1571 1462 absoluendam,
1605 1403 1986 1467 amplectatur
2019 1410 2422 1470 cognitionem.

224 1472 332 1523 Per
359 1471 513 1523 hanc
534 1471 901 1536 Pythagorici
928 1472 1071 1523 olim
1097 1475 1273 1524 totius
1301 1480 1530 1525 naturae
1554 1481 1608 1525 et
1627 1477 1810 1538 ipsius
1832 1479 2007 1527 etiam
2028 1477 2141 1528 Dei
2162 1479 2426 1543 mysteria

223 1543 519 1595 velabant:
561 1550 847 1607 tanquam
880 1546 1084 1595 omnia
1117 1545 1300 1604 essem,
1336 1546 1840 1608 quemadmodum
1872 1546 2068 1611 figuris
2103 1556 2155 1599 et
2187 1565 2423 1613 propor-

223 1615 496 1674 tionibuS‚
527 1617 608 1666 ita
638 1622 692 1665 et
722 1618 984 1666 numeris
1016 1615 1287 1667 consona.
1320 1616 1389 1667 Et
1420 1620 1690 1680 quamvis
1721 1618 2063 1682 Pythagorae
2094 1619 2221 1670 haec
2250 1623 2423 1684 inpri-

223 1689 334 1737 mis
361 1686 597 1737 scientia
623 1686 1019 1737 immortalem
1045 1689 1267 1750 peperit
1293 1690 1660 1748 memoriam,
1688 1696 1886 1740 tamen
1908 1690 2190 1754 AEgiptios
2216 1698 2268 1742 et
2292 1695 2424 1742 vici-

223 1774 330 1809 nas
357 1764 555 1822 gentes
583 1773 716 1808 eam
743 1760 904 1821 prius
932 1758 1194 1819 calluisse,
1227 1775 1261 1810 a
1293 1758 1504 1822 quibus
1533 1775 1665 1811 eam
1692 1760 2048 1825 Pythagoras
2076 1761 2275 1821 hausit,
2304 1778 2425 1813 non

223 1829 297 1880 est
331 1829 592 1880 dubium.
627 1829 913 1893 AEgiptios
946 1845 1090 1880 uero
1124 1829 1278 1881 hanc
1311 1831 1384 1882 ab
1418 1830 1765 1882 Abrahamo
1799 1832 2134 1884 Patriarcha
2167 1834 2423 1892 didicisse,

218 1899 508 1964 Josephus
539 1902 957 1964 antiquitatum
981 1901 1361 1962 Judaicarum
1394 1901 1630 1966 scriptor
1660 1904 1952 1954 asseverat:
1988 1910 2049 1954 ut
2080 1920 2201 1954 non
2231 1907 2425 1955 minus

222 1971 379 2023 utilis
401 1978 456 2022 et
478 1972 721 2031 erudita,
745 1987 926 2035 quam
947 1975 1192 2036 antiqua
1212 1972 1274 2024 sit
1295 1989 1682 2024 numerorum
1697 1974 1947 2026 scientia.
1974 1975 2060 2025 Ex
2075 1974 2164 2025 his
2181 1975 2422 2035 duabuS,

225 2043 569 2095 Geometria
584 2050 638 2094 et
652 2042 1056 2104 Arithmetica,
1080 2044 1198 2095 alia
1219 2044 1485 2096 sublimis
1507 2052 1561 2096 et
1582 2061 1617 2096 a
1637 2052 1806 2097 terrae
1825 2045 2043 2097 fecibus
2059 2047 2424 2098 remotissima

223 2115 473 2166 nascitur
499 2114 750 2174 scientia,
786 2130 967 2178 quam
994 2116 1440 2167 Astronomiam
1473 2116 1859 2181 appellarunt.
1902 2118 2052 2168 Haec
2085 2133 2207 2168 non
2238 2125 2422 2177 terrae,

157 2205 177 2221 v
222 2189 418 2246 maris,
444 2192 545 2237 aut
566 2192 921 2237 coeterorum
937 2181 956 2253 ΙΙ
973 2186 1417 2246 elementorum,
1446 2191 1705 2252 angustis
1728 2188 1920 2239 claudi
1942 2195 2214 2239 contenta
2234 2188 2423 2239 limiti-

221 2258 346 2317 buS,
377 2273 480 2321 per
509 2257 838 2308 altissimum
869 2264 922 2308 et
952 2258 1271 2321 spatiosum
1301 2258 1538 2318 aethera,
1569 2275 1672 2323 per
1701 2259 2105 2311 lucidissimum
2127 2260 2338 2319 Solem,
2372 2267 2424 2310 et

223 2329 678 2380 candidissimam
698 2328 1239 2393 multiformemque
1262 2330 1511 2389 Lunam,
1535 2333 1853 2394 omniaque
1876 2331 1993 2382 alia
2013 2338 2133 2382 tam
2155 2334 2421 2389 errantia,

223 2416 403 2464 quam
423 2402 745 2451 inerrantia
763 2401 1040 2451 incedens
1061 2400 1266 2452 sidera:
1296 2400 1512 2452 horum
1533 2405 1802 2453 omnium
1829 2410 2041 2461 motus,
2064 2402 2420 2461 harmoniaS‚

221 2471 639 2531 reuolutioneS‚
679 2474 1103 2535 proportioneS,
1145 2478 1200 2523 et
1238 2473 1669 2537 magnitudines
1704 2473 1932 2525 sublimi
1967 2473 2420 2524 consideratione

220 2543 523 2594 scrutatur:
547 2558 583 2593 a
599 2542 943 2594 Geometria
961 2543 1200 2606 quidem
1221 2544 1279 2595 id
1299 2550 1583 2604 mutuata,
1606 2550 1668 2595 ut
1689 2560 1791 2608 per
1811 2547 2001 2608 ipsam
2023 2551 2176 2595 certa
2197 2547 2420 2595 ratione

222 2612 562 2665 constructis
592 2616 842 2677 organiS‚
873 2613 1124 2665 fiderum
1154 2614 1533 2666 obseruentur
1559 2615 1974 2679 phaenomena,
2006 2615 2420 2678 observataque

220 2688 282 2736 in
303 2684 667 2749 hypotheseS‚
695 2687 1053 2749 apparentijs
1074 2686 1509 2749 respondenteS,
1537 2687 1887 2751 redigantur,
1917 2687 2127 2750 quibus
2152 2694 2420 2737 motuum

220 2759 503 2807 intricatae
531 2758 840 2807 varietates
868 2759 1153 2807 concinne
1179 2756 1388 2808 salvari
1415 2759 1630 2821 possint.
1665 2757 1758 2808 Ab
1786 2758 2170 2809 Arithmetica
2197 2773 2335 2807 vero
2363 2758 2420 2807 id

220 2827 485 2891 beneficij
517 2827 751 2887 obtinet,
780 2833 843 2878 ut
868 2827 970 2878 illa
996 2826 1344 2892 hypotheses
1370 2844 1473 2892 per
1496 2829 1902 2880 Geometriam
1922 2831 2188 2879 inventas
2212 2835 2264 2878 et
2286 2843 2417 2878 con-

222 2901 447 2950 stitutas
461 2901 724 2961 excipiat,
742 2914 959 2962 easque
972 2901 1033 2949 in
1045 2906 1237 2962 partes
1250 2899 1601 2962 dispertiens,
1618 2907 1805 2951 toturn
1818 2899 2040 2951 aethera
2051 2902 2112 2950 in
2124 2914 2416 2957 numero&

221 2970 432 3034 quibus
446 2972 654 3033 quovis
666 2976 928 3033 tempore
941 2969 1191 3021 siderum
1204 2970 1400 3021 cursus
1412 2970 1707 3034 praefinire
1720 2970 1904 3031 liceat,
1921 2970 2179 3022 resolvat.
2199 2970 2416 3032 Quam-

220 3044 307 3092 vis
329 3047 528 3092 autem
542 3041 925 3092 Astronomia
946 3056 1018 3092 ex
1038 3040 1129 3092 his
1151 3041 1381 3093 duabus
1402 3041 1513 3092 hac
1534 3044 1836 3092 rationein
1853 3048 2037 3093 artem
2053 3048 2268 3092 certam
2285 3056 2416 3091 con-

221 3115 418 3163 stituta
431 3111 514 3162 sit:
536 3118 737 3162 tamen
757 3111 859 3163 illa
879 3127 1002 3162 non
1022 3112 1210 3163 solum
1230 3112 1354 3172 haS‚
1380 3112 1481 3163 sed
1503 3119 1556 3163 et
1578 3128 1784 3163 omnes
1805 3113 1951 3164 alias
1971 3115 2033 3162 in
2053 3119 2172 3163 toto
2194 3111 2305 3162 hoc
2326 3126 2415 3174 ge-

222 3198 361 3234 nere
393 3188 674 3245 exuperat
703 3189 870 3243 arteS‚
903 3189 957 3233 et
983 3183 1142 3233 velut
1169 3185 1492 3246 principem
1519 3183 1716 3234 locum
1744 3183 1977 3234 obtinet.
2007 3184 2165 3234 Nam
2193 3188 2246 3232 et
2273 3184 2414 3232 anti-

223 3256 441 3317 quitate
469 3259 523 3303 et
550 3253 850 3304 nobilitate
878 3269 946 3304 ac
973 3256 1319 3318 cognitionis
1344 3254 1708 3313 sublimitate,
1736 3270 1858 3318 prae
1885 3254 2122 3317 reliquis
2144 3252 2414 3304 omnibus

221 3327 545 3375 maximam
571 3323 670 3375 sibi
691 3324 959 3376 vendicat
979 3324 1234 3376 laudem.
1263 3325 1336 3375 Vt
1364 3327 1522 3376 enim
1549 3325 1619 3376 de
1641 3326 2038 3376 Astronomiae
2060 3323 2415 3375 vetustissima

368 3406 431 3440 19*
2195 3408 2412 3456 origine
