2678 4069
240 58 330 108 178
617 47 1175 101 ASTROLOGIA
1201 42 2035 96 METHEOROLOGICA

240 192 613 258 particulares
633 204 788 247 vero,
818 203 950 250 quae
979 189 1129 237 circa
1155 185 1341 248 ipsum
1367 183 1672 234 hominem
1696 182 2142 233 microcosmum
2161 182 2418 234 versatur

240 272 291 314 et
318 263 489 325 ipfius
510 260 914 310 inclinationes
935 255 1232 307 naturales
1254 270 1325 305 ex
1346 253 1504 304 astris
1520 293 1797 304 ..........
1815 251 2064 304 conrec'ti
2081 293 2120 303 ..
2150 252 2261 303 Etfi
2277 268 2417 303 vero

237 333 509 396 posterior
529 330 655 379 haec
679 366 1161 378 .................
1183 323 1363 389 pa[rs]
1392 326 1728 374 iuremerito
1754 325 1939 387 magis
1962 363 2416 374 ................

339 399 648 464 [accinens
670 398 721 448 8(
741 396 976 461 general
999 434 1511 447 ..................
1534 389 1554 460 ΙΙ
1577 409 1646 444 eo
1675 393 1832 456 quod
1859 393 2044 444 multo
2071 393 2202 457 plus
2224 393 2275 443 8(
2296 392 2416 444 effi·
2460 402 2512 443 2r

235 475 416 523 catius
430 470 470 520 h
487 508 703 519 ........
721 474 775 518 et
790 474 1122 517 exterorum
1137 466 1338 516 orbem
1354 465 1780 515 elementorum
1794 466 1886 527 agi
1903 504 2091 514 .......
2107 463 2294 527 ipsum
2314 463 2417 514 ho·
2467 473 2488 507 5

234 545 453 592 minem
474 547 670 590 tamen
692 539 1050 601 experientia
1072 577 1230 587 ......
1252 542 1406 586 tatur
1425 534 1719 585 multoties
1739 532 2144 597 praedictiones
2170 536 2417 597 particu-

303 612 453 662 lares
474 609 721 660 alicuius
742 608 1028 670 indiuiduj
1054 613 1236 657 certas
1258 607 1359 656 esse
1382 604 1433 655 8(
1453 604 1555 655 suo
1580 610 1797 655 euentu
1823 604 2185 668 respondere,
2213 620 2348 655 cum

339 679 675 731 difficillime
696 677 981 742 generalis
999 676 1199 740 aliqua
1212 679 1274 726 in
1287 676 1490 739 mundj
1510 675 1810 726 elementis
1826 681 1879 725 et
1893 675 2313 726 mutationibus

370 748 791 801 vniuersalibus
807 754 962 798 certa
975 747 1176 810 aliqua
1189 745 1486 810 praedic'tio
1497 745 1629 809 ferrj
1645 746 1817 809 possit,
1832 746 1980 796 adeo
1992 751 2051 796 vt
2063 746 2273 796 Hiero-

406 823 602 870 nimus
621 819 931 870 Cardanus
951 818 1130 869 Italus
1150 815 1530 881 philosophus
1552 822 1606 867 et
1626 816 1941 880 astrologus
1962 831 2084 866 non
2105 831 2238 867 con·
2470 825 2511 858 1⁰

440 890 786 941 temnendus
803 905 925 939 non
940 889 1211 939 dubitarit
1226 888 1460 938 asserere
1481 887 1552 946 se,
1575 889 1675 949 qui
1695 886 2070 950 particularia
2085 886 2205 938 fata

475 960 863 1024 praedixerint,
888 959 1103 1009 multos
1123 959 1290 1017 nosse‚
1313 960 1413 1021 qui
1433 972 1573 1008 vero
1593 957 1944 1008 vniuersalia
1971 955 2168 1008 exac'te

510 1030 899 1094 praedixerint,
916 1032 1230 1080 neminem.
1250 1028 1457 1091 Mirarj
1475 1043 1615 1078 vero
1631 1027 1843 1091 aliquis
1857 1043 1980 1078 non
1994 1030 2133 1078 ime-

546 1104 655 1151 rito
675 1103 898 1164 poterit,
920 1116 1022 1151 cur
1042 1102 1251 1150 certius
1272 1096 1676 1163 praedictiones
1697 1101 1759 1148 in
1778 1098 2099 1162 indiuidujs

581 1171 740 1231 fiant,
761 1170 1042 1234 fiquidem
1055 1169 1313 1220 hominis
1327 1178 1539 1221 natura
1554 1168 1605 1219 8(
1620 1168 1929 1220 influentia
1941 1176 2062 1220 tam
2470 1178 2510 1211 1⁵

617 1244 793 1306 varijs
820 1241 1077 1292 obnoxia
1102 1240 1180 1300 fit,
1208 1247 1402 1304 vtpote
1426 1280 2025 1291 .....................

1882 3143 2410 3195 HOROSCOPUS
