2678 4069
698 429 1416 491 PROLEGOMENA
1463 433 1909 494 EDITORIS.

336 566 441 609 UM
470 566 536 608 ab
564 565 696 607 illius
716 565 814 607 viri
841 566 1102 619 operibus,
1127 567 1273 621 cujus
1302 580 1439 611 nunc
1467 569 1662 623 scripta
1690 570 1868 612 omnia
1890 570 2136 624 epistulas
2158 571 2404 614 observa-

350 637 625 690 tionesque
656 636 970 690 Reipublicae
1001 637 1292 680 litterarum
1322 640 1562 681 tradituri
1592 652 1790 691 sumus,
1820 642 2162 692 astronomia,
2192 643 2402 696 qualem

206 709 503 752 recentiora
522 712 767 762 tempora
788 707 976 759 ferunt,
993 708 1195 750 initium
1212 710 1423 763 ceperit,
1441 714 1726 764 antequam
1742 711 1911 765 ipsam
1927 724 2040 754 rem
2057 713 2402 767 aggredimur,

207 780 618 830 consideremus,
650 778 816 832 qualis
841 782 982 829 tunc,
1007 791 1129 822 cum
1157 781 1225 822 ad
1259 793 1478 834 operam
1507 783 1800 833 accederet,
1824 787 2089 826 astrorum
2117 784 2403 838 disciplinae

206 855 373 894 status
394 850 564 901 fuerit,
582 850 769 903 quibus
789 850 872 892 ille
894 850 1291 893 condicionibus
1312 852 1521 895 labores
1543 853 1851 904 exercuerit,
1875 854 2098 908 denique
2120 859 2333 908 quantae
2353 856 2405 897 in

208 926 474 965 astrorum
495 925 672 964 motus
693 921 865 964 studio
889 922 1319 965 commutationis
1342 927 1529 966 auctor
1549 924 1718 966 fuerit.

319 993 493 1035 Priore
515 995 664 1046 parte
685 992 866 1035 saeculi
879 992 996 1034 XVI
1019 994 1244 1035 eandem
1265 995 1419 1047 plane
1440 995 1671 1049 speciem
1693 996 2019 1038 astronomia
2040 997 2314 1050 praebebat
2335 1001 2407 1039 at-

271 1080 291 1100 ·
322 1075 422 1117 que
443 1063 544 1114 illa,
563 1075 724 1117 quam
739 1063 914 1105 medio
931 1065 1129 1106 saeculo
1146 1064 1191 1105 II
1206 1065 1499 1118 posteritati
1512 1067 1802 1109 tradiderat
1817 1067 2160 1110 CLAUDIUS
2181 1068 2407 1110 PTOLE-

210 1135 445 1186 MAEUS,
468 1134 556 1188 qui
582 1146 776 1188 magna
802 1134 888 1176 illa
917 1133 1156 1188 syntaxi
1179 1135 1568 1179 mathematica
1597 1138 1776 1180 omnia
1804 1137 1913 1179 fere
1940 1139 2248 1192 complexus
2277 1143 2404 1190 erat,

210 1218 330 1260 quae
347 1205 675 1248 astronomia
685 1205 1165 1248 Alexandrinorum
1181 1210 1339 1249 aetate
1354 1207 1661 1250 mirabiliter
1675 1208 1988 1262 profecerat.
2007 1208 2407 1264 Quadringentis

209 1277 319 1320 fere
347 1276 496 1319 annis
517 1276 950 1319 APOLLONIUS
979 1280 1030 1318 et
1057 1276 1470 1320 HIPPARCHUS
1498 1283 1549 1320 et
1574 1279 2002 1322 PTOLEMAEUS
2029 1284 2264 1333 systema
2284 1281 2407 1323 illud

212 1347 648 1398 astronomicum,
679 1347 948 1390 Ptolemaei
976 1347 1190 1390 nomine
1216 1348 1440 1402 posthac
1468 1353 1725 1400 notatum,
1753 1351 2094 1403 protulerant,
2127 1352 2274 1406 cujus
2307 1363 2407 1406 ope

213 1420 345 1463 Solis
373 1420 539 1461 Lunae
566 1419 1006 1472 planetarumque
1027 1423 1204 1461 motus
1225 1431 1331 1462 non
1351 1420 1524 1463 minus
1546 1424 1795 1463 accurate
1815 1424 2102 1474 supputare
2123 1434 2283 1475 quam
2304 1422 2409 1466 illo-

213 1503 332 1534 rum
357 1494 661 1544 temporum
687 1489 1045 1532 instrumentis
1072 1502 1262 1544 parum
1289 1491 1562 1533 subtilibus
1589 1492 1708 1534 loca
1728 1492 1997 1534 stellarum
2018 1492 2070 1533 in
2091 1494 2223 1536 caelo
2246 1494 2410 1535 deter-

212 1562 417 1605 minare
438 1561 644 1604 licebat.
663 1561 846 1614 Itaque
868 1572 991 1603 cum
1013 1573 1077 1603 ex
1098 1561 1288 1604 tabulis
1310 1563 1487 1604 locum
1508 1564 1736 1616 planetae
1758 1563 1975 1617 alicujus
1995 1567 2411 1617 supputaverant

215 1632 523 1683 astronomi,
538 1632 657 1674 dein
671 1643 799 1674 vero
815 1632 1191 1686 longitudinem
1208 1633 1444 1687 ejusdem
1461 1637 1618 1687 atque
1634 1634 1959 1676 latitudinem
1975 1634 2027 1676 in
2042 1635 2174 1677 caelo
2191 1635 2411 1677 dimensi

215 1708 380 1755 erant,
409 1703 710 1757 supputatio
743 1706 901 1756 atque
932 1703 1233 1746 observatio
1263 1707 1375 1746 tam
1406 1705 1539 1746 bene
1571 1716 1860 1759 congruere
1886 1705 2141 1756 solebant,
2170 1709 2240 1757 ut,
2270 1707 2411 1760 quod

215 1775 527 1819 remanebat
553 1774 939 1828 discrepantiae‚
961 1774 1087 1817 vitio
1115 1774 1584 1818 instrumentorum
1612 1775 1874 1830 imputare
1901 1776 2093 1819 liceret.
2118 1777 2176 1818 In
2202 1777 2305 1820 hoc
2333 1789 2414 1830 sy—

215 1850 440 1890 stemate
461 1849 702 1889 centrum
723 1845 907 1888 mundi
926 1846 1140 1888 tenebat
1153 1846 1329 1897 Terra,
1346 1847 1573 1900 planetae
1588 1858 1716 1890 vero
1737 1847 1889 1903 (inter
1910 1859 2042 1901 quos
2063 1848 2415 1890 numerabant

217 1919 394 1962 Solem
416 1929 479 1960 ac
502 1916 729 1974 Lunam)
744 1916 982 1960 cursibus
996 1917 1152 1959 valde
1172 1917 1450 1971 implicatis
1473 1918 1614 1960 circa
1636 1929 1756 1960 eam
1777 1919 2199 1960 revolvebantur.
2219 1919 2415 1961 Unum-

219 2000 483 2044 quemque
510 1990 779 2043 planetam
805 1988 858 2030 in
885 1987 1083 2031 circulo
1110 1987 1288 2044 (quem
1311 1989 1609 2042 epicyclum
1629 1989 1915 2045 vocabant)
1937 1989 2264 2032 circumferri
2284 1990 2416 2032 arbi-

217 2061 509 2111 trabantur,
527 2060 675 2114 cujus
696 2062 938 2103 centrum
959 2070 1054 2113 per
1074 2059 1351 2102 circuitum
1373 2060 1590 2114 majoris
1612 2060 1888 2114 cujusdam
1908 2059 2087 2102 circuli
2100 2060 2414 2116 (deferentis,

218 2135 276 2174 ut
302 2131 532 2188 ajebant)
558 2134 884 2181 moveretur;
914 2130 1068 2184 hujus
1088 2142 1217 2173 vero
1247 2130 1428 2173 circuli
1455 2133 1695 2173 centrum
1724 2131 1898 2185 aliquo
1925 2131 2095 2185 spatio
2119 2143 2149 2173 a
2168 2131 2328 2173 Terra
2349 2131 2418 2173 di-

220 2206 362 2246 stare
389 2202 804 2245 existimabatur.
828 2202 931 2244 Sed
953 2213 1076 2244 cum
1097 2213 1162 2243 ne
1183 2201 1302 2244 haec
1325 2202 1538 2256 quidem
1559 2201 1864 2245 sufficerent
1885 2203 1953 2244 ad
1974 2213 2065 2245 eos
2086 2203 2417 2256 planetarum

221 2277 398 2317 motus
426 2275 703 2325 creandos,
727 2273 815 2327 qui
835 2273 1000 2316 oculis
1022 2273 1460 2324 observabantur,
1485 2274 1678 2327 dogma
1699 2273 1823 2315 illud
1845 2274 1910 2316 de
1932 2274 2227 2316 constantia
2249 2273 2419 2317 omnis

221 2348 398 2388 motus
426 2345 695 2388 circularis
722 2345 1073 2386 deserendum
1105 2348 1232 2396 erat,
1257 2347 1308 2386 et
1335 2356 1549 2387 cursum
1577 2344 1799 2398 epicycli
1818 2344 1870 2386 in
1892 2344 2110 2388 circuitu
2138 2344 2318 2387 circuli
2337 2345 2421 2386 de-

223 2416 432 2459 ferentis
462 2428 570 2459 non
595 2415 913 2469 aequabilem
933 2418 991 2457 ut
1011 2426 1076 2457 ex
1098 2418 1280 2458 centro
1309 2415 1418 2470 ejus
1441 2418 1802 2469 conspectum,
1825 2417 1918 2459 sed
1937 2417 2097 2458 talem
2120 2427 2233 2458 esse
2255 2415 2422 2458 existi-

222 2487 459 2538 mabant,
481 2491 539 2529 ut
560 2498 624 2529 ex
647 2486 749 2530 alio
772 2487 1007 2540 quodam
1028 2489 1242 2540 puncto,
1267 2487 1409 2540 quod
1431 2486 1705 2529 dicebatur
1727 2490 1967 2529 centrum
1989 2499 2223 2540 aequans,
2246 2498 2421 2540 aequa-

223 2558 337 2601 bilis
367 2569 482 2601 esse
510 2558 791 2601 videretur.
824 2557 957 2600 Solis
988 2557 1200 2611 quidem
1230 2561 1408 2600 motus
1438 2557 1640 2600 facilius
1671 2557 2049 2612 explicabatur,
2081 2557 2339 2611 siquidem
2369 2557 2421 2598 in

223 2629 327 2672 hoc
355 2640 418 2671 ea
444 2630 558 2672 sola
586 2629 853 2672 anomalia
881 2629 1188 2682 apparebat,
1213 2630 1355 2682 quod
1384 2632 1634 2682 quattuor
1652 2629 1738 2671 illa
1759 2629 1930 2683 spatia
1949 2628 2084 2671 inter
2104 2628 2422 2682 aequinoctia

225 2711 288 2743 ac
315 2700 535 2743 solstitia
556 2700 784 2754 aequalia
811 2711 917 2742 non
945 2703 1115 2751 erant;
1147 2711 1267 2753 quae
1287 2703 1469 2742 tamen
1489 2701 1630 2742 nullo
1653 2700 1861 2754 negotio
1884 2699 2276 2753 expediebatur,
2300 2711 2421 2742 cum

224 2771 401 2814 Solem
432 2771 713 2824 quotannis
742 2782 837 2825 per
866 2770 1138 2821 circulum,
1169 2771 1316 2824 quus
1347 2774 1587 2813 centrum
1619 2774 1768 2813 extra
1793 2771 2011 2812 Terram
2039 2773 2190 2821 esset,
2219 2770 2423 2813 moveri

225 2842 600 2884 existimarent.
618 2843 785 2884 Lunae
800 2853 928 2884 vero
950 2844 1128 2884 motus
1148 2842 1314 2884 multo
1336 2841 1654 2895 implicatior
1668 2844 1802 2893 erat;
1827 2853 2154 2895 quamquam
2170 2841 2309 2883 enim
2324 2844 2424 2883 sta-

224 2912 393 2955 tiones
415 2916 466 2955 et
485 2912 966 2967 retrogradationes
985 2912 1353 2966 temporarias,
1371 2924 1491 2966 quae
1511 2913 1845 2966 planetarum
1860 2916 2036 2955 motus
2051 2924 2145 2966 per
2160 2912 2424 2965 epicyclos

225 2983 557 3037 interpretari
570 2984 913 3026 Ptolemaeum
935 2983 1210 3037 cogebant,
1227 2983 1346 3026 haec
1368 2995 1475 3026 non
1495 2983 1785 3037 praebebat,
1800 2986 1982 3025 tamen
2003 2984 2136 3026 adeo
2151 2982 2424 3036 inaequalis

226 3057 403 3097 motus
425 3054 534 3108 ejus
550 3058 678 3105 erat,
694 3058 752 3096 ut
771 3066 866 3108 per
885 3053 1079 3096 similes
1100 3053 1332 3096 rationes
1352 3054 1664 3108 multiplices
1687 3065 1807 3096 eum
1830 3054 2093 3108 explicare
2115 3065 2330 3096 necesse
2352 3064 2425 3095 es—

227 3128 321 3167 set.
349 3125 443 3167 Per
471 3125 575 3168 hoc
605 3137 771 3167 unum
798 3128 1034 3179 systema
1061 3125 1350 3167 errantium
1377 3126 1648 3167 stellarum
1675 3126 1793 3168 loca
1820 3125 1954 3167 inter
1980 3125 2269 3167 inerrantes
2295 3135 2426 3177 prae—

228 3195 365 3237 finiri
377 3199 638 3249 poterant,
650 3200 715 3247 et,
726 3196 769 3239 si
783 3195 1163 3238 mathematica
1178 3199 1399 3249 spectes,
1411 3199 1587 3239 motus
1602 3195 1685 3237 ille
1700 3195 2017 3249 epicyclicus
2031 3195 2083 3237 id
2097 3195 2267 3248 ipsum
2280 3193 2426 3247 signi-

229 3266 371 3317 ficat,
395 3267 537 3319 quod
564 3270 761 3309 nostrae
789 3266 960 3309 aetatis
986 3266 1351 3309 mathematici
1379 3266 1450 3309 ita
1478 3266 1792 3320 exprimunt,
1815 3269 1872 3308 ut
1894 3278 1988 3320 per
2007 3265 2197 3308 seriem
2217 3265 2424 3307 sinuum

230 3338 314 3379 vel
341 3337 618 3380 cosinuum
645 3337 1005 3391 multiplorum
1034 3337 1309 3391 cujusdam
1338 3337 1511 3391 anguli
1538 3336 1863 3380 functionem
1892 3337 2123 3390 aliquam
2150 3335 2422 3389 explicent.
