2678 4069
248 106 349 156 262
592 98 1167 151 HOROSCOPUS
1195 95 2082 156 PRINCIPISJOHANNIS

247 245 419 295 dariis
441 242 491 291 &
510 241 774 292 mediatis
803 237 1238 302 operationibus
1266 253 1388 287 non
1414 237 1648 301 alligata
1676 242 1774 295 est,
1802 251 2008 286 verum
2032 236 2279 300 disponit
2301 236 2429 288 haec

246 313 519 363 inferiora
540 313 739 361 omnia
765 309 866 359 suo
888 309 1140 367 arbitri0‚
1169 315 1289 359 tam
1309 309 1559 358 mediate
1582 322 1762 370 quam
1782 306 2133 366 immediate,
2161 307 2309 358 nulli
2331 308 2427 358 ob-

245 386 421 433 noxia
442 382 582 431 Fato
604 379 891 430 Naturali.
917 379 1127 441 Neque
1148 378 1243 429 hae
1265 377 1669 441 praedictiones
1689 376 1938 441 phyficae
1960 377 2224 440 aliquam
2238 373 2258 444 ΙΙ
2274 393 2427 429 com·
2473 387 2523 429 8r

243 455 606 516 parationem
636 450 868 509 habent,
900 450 974 500 ad
1004 449 1118 499 Dei
1148 456 1431 500 aeternam
1460 448 1792 499 futurorum
1821 447 2258 511 praescientiam,
2293 464 2427 512 quae

243 525 402 573 omni
424 528 703 572 creaturae
724 519 1318 583 incomprehensibilis
1341 526 1439 578 est,
1461 519 1555 570 sed
1575 518 1775 569 saltem
1790 518 1862 569 ab
1881 521 2238 582 experientia
2252 519 2428 583 longa

241 596 443 656 petitas
477 591 762 654 quasdam
800 590 1129 654 probabiles
1169 588 1530 654 conjecturas
1569 588 1885 653 proferunt,
1927 589 2429 652 quemadmodum

240 664 583 726 plerumque
607 677 677 711 ex
699 661 978 711 confimili
1000 661 1286 725 Syderum
1306 660 1489 724 pofitu
1515 661 1754 710 evenisse
1782 666 2146 723 compertum
2173 667 2271 720 est,
2300 660 2427 711 nul-

239 734 473 795 lamque
489 732 579 782 his
594 731 830 782 fatalem
845 732 1224 782 necessitatem
1239 732 1625 790 attribuimUS‚
1642 737 1743 781 aut
1756 730 2116 781 inevitabilia
2126 730 2429 781 Astrorum

240 805 466 855 decreta
492 805 968 866 pronunciamus
1001 802 1292 853 Conducit
1318 809 1516 853 autem
1542 802 1671 852 haec
1698 801 2144 864 qualiscumque
2173 817 2426 866 praecog-

239 877 381 924 nitio
403 874 477 925 ad
497 873 624 933 hoe,
647 880 709 923 ut
728 873 1002 924 valetudo
1014 869 1395 936 ¹actionesque
1410 876 1471 923 in
1486 875 1607 923 vita
1620 875 1700 923 ita
1714 872 2091 923 moderentur
2104 873 2426 937 gubernen-

238 953 462 1008 turque‚
484 950 547 995 ut
567 944 606 994 fi
627 945 766 1007 quid
786 944 1024 995 infausti
1047 943 1384 1007 adversique
1405 943 1800 1007 portendatur,
1822 942 2070 1007 idipsum
2083 943 2178 994 vel
2195 946 2427 1007 penitus

239 1022 546 1075 avertatur,
567 1015 660 1065 vel
674 1015 873 1066 saltem
887 1015 1073 1066 levius
1089 1015 1362 1065 reddatur
1379 1015 1560 1077 (Nam
1574 1014 1819 1078 praevisa
1832 1014 1948 1065 tela
1961 1016 2158 1065 minus
2172 1013 2426 1077 feriunt),

238 1087 277 1137 fi
298 1087 437 1149 quid
456 1086 612 1145 boni,
634 1085 881 1149 idipsum
902 1093 1200 1150 augeatur,
1222 1102 1329 1136 nec
1346 1085 1566 1136 occafio
1582 1085 1856 1136 Fortunae
1872 1085 2215 1149 negligatur:
2239 1085 2426 1148 Siqui-

238 1158 368 1209 dem
391 1157 693 1208 arbitrium
713 1157 885 1221 ipsius
907 1153 926 1224 ΙΙ
948 1156 1204 1207 hominis
1225 1156 1316 1207 his
1337 1156 1467 1220 ipfis
1487 1156 1964 1207 inclinationibus
1990 1156 2312 1220 plurimum
2331 1160 2425 1208 tri-

234 1228 372 1288 buit,
401 1229 724 1292 derogatve.
754 1228 865 1279 Sed
893 1244 1028 1279 cum
1054 1228 1124 1279 de
1151 1228 1242 1278 his
1271 1227 1552 1292 copiofior
1578 1243 1700 1278 non
1726 1227 1788 1278 fit
1808 1226 1904 1278 hic
1926 1227 2223 1278 disserendi
2243 1227 2424 1288 locUS,

234 1299 291 1349 id
305 1299 504 1349 saltem
518 1298 636 1362 subj
644 1315 951 1363 ungamuS,
973 1306 1035 1350 ut
1052 1298 1503 1350 fundamentum
1517 1298 1732 1350 harum
1745 1296 2192 1362 praedic‘tionum
2206 1314 2242 1349 a
2256 1298 2425 1350 nobis

236 1370 600 1420 constitutum
626 1370 856 1433 plenius
883 1373 1250 1434 percipiatur,
1280 1370 1436 1421 Loca
1463 1369 1749 1434 Syderum
1776 1369 1850 1420 ad
1877 1376 2107 1433 tempus
2134 1369 2313 1434 hujus
2334 1370 2424 1421 In-

234 1441 399 1505 clytae
421 1440 727 1492 Geniturae
754 1456 1134 1504 nequaquam
1159 1444 1240 1492 ita
1267 1442 1368 1491 esse
1396 1447 1693 1500 annotata,
1721 1447 1784 1491 ut
1804 1440 2041 1491 ufitatus
2061 1440 2424 1492 Astronomis

234 1511 490 1563 calculus
510 1512 846 1563 tabularum
859 1512 953 1563 vel
968 1512 1134 1576 Regis
1150 1511 1450 1575 Alphonfi,
1473 1519 1574 1563 aut
1594 1512 2037 1562 Prutenicarum
2058 1527 2088 1562 e
2111 1512 2423 1575 Copernici

232 1582 626 1633 fundamentis
657 1581 1036 1634 deductarum
1064 1582 1317 1634 exhibet:
1353 1583 1654 1646 Siquidem
1684 1582 1896 1633 crebris
1928 1582 2423 1634 observationibus

231 1669 333 1717 per
353 1654 728 1705 instrumenta
748 1669 1128 1717 nequaquam
1149 1653 1381 1705 fallacia
1402 1661 1766 1717 compertum
1786 1652 2056 1714 habeam,
2085 1669 2291 1705 omnes
2314 1653 2423 1706 has

231 1724 665 1788 supputationes
687 1741 722 1776 a
741 1740 882 1775 vero
902 1724 1176 1775 nonnihil
1197 1725 1446 1776 deviare.
1471 1725 1754 1776 Constitui
1776 1727 1972 1788 itaque
1993 1724 2190 1776 locum
2206 1724 2356 1776 Solis
2372 1725 2423 1776 &

232 1796 415 1846 Lunae
432 1798 599 1859 juxta
619 1799 884 1860 proprias
904 1795 1285 1847 restitutiones
1305 1798 1367 1846 in
1388 1802 1552 1846 motu
1568 1797 1993 1847 Luminarium.
2017 1796 2174 1847 Loca
2188 1796 2423 1847 Saturni

232 1866 442 1926 &Jovis
456 1867 763 1918 emendavi
777 1883 847 1917 ex
861 1867 1356 1918 observationibus
1370 1870 1520 1918 circa
1533 1862 1817 1934 eos-ndem
1827 1867 1948 1918 dies
1960 1866 2187 1918 habitis,
2199 1867 2422 1919 Locum

230 1937 439 1988 Martis
461 1941 683 1988 correxi
703 1954 805 2001 per
820 1938 1048 1989 crebras
1063 1940 1124 1988 in
1140 1954 1210 1989 eo
1225 1937 1402 1989 factas
1418 1937 1966 1989 animadversiones
1989 1938 2234 1989 Veneris
2253 1938 2421 1990 situm

231 2011 405 2059 etiam
426 2008 697 2059 nonnihil
717 2009 977 2060 limitavi.
1002 2009 1068 2059 In
1089 2009 1389 2060 Mercurio
1407 2009 1719 2073 Copernici
1739 2015 1966 2060 motum
1987 2009 2168 2061 ferme
2189 2012 2418 2069 retin-ui,

231 2095 363 2129 cum
383 2079 484 2143 ipsi
504 2079 726 2143 semper
745 2083 985 2144 propius
1006 2083 1067 2130 in
1083 2080 1233 2131 coelo
1249 2081 1523 2131 accedere
1540 2096 1575 2131 a
1590 2081 1758 2131 nobis
1774 2080 2083 2144 aliquoties
2099 2080 2418 2145 deprehen-

228 2149 320 2200 sus
349 2150 425 2201 fit.
460 2151 777 2214 Oportebat
807 2158 1003 2202 autem
1033 2151 1161 2202 haec
1189 2151 1319 2202 loca
1347 2151 1633 2216 Syderum
1660 2151 2062 2222 emendatiora
2089 2153 2207 2212 esse,
2239 2168 2420 2215 quam

231 2220 437 2271 calculi
468 2222 721 2273 consueti
752 2222 1041 2282 exhibent,
1072 2238 1146 2272 ne
1176 2225 1237 2272 in
1267 2221 1680 2274 diredlionibus
1708 2238 2030 2286 earumque
2060 2223 2419 2286 temporibus

231 2291 649 2356 investigandiS‚
681 2293 892 2356 aliquis
921 2292 1017 2343 hic
1048 2309 1207 2343 error
1237 2293 1516 2357 obrepere
1546 2295 1733 2357 posset.
1765 2293 2063 2344 Divifione
2094 2300 2292 2344 autem
2319 2295 2417 2346 do-

229 2377 462 2413 morum
488 2365 549 2413 in
576 2363 973 2414 constitutione
1000 2363 1271 2414 thematis
1298 2364 1432 2415 usus
1453 2364 1578 2415 sum
1599 2380 1685 2424 ea,
1715 2380 1848 2427 quae
1869 2371 2057 2415 totum
2078 2364 2296 2416 coelum
2316 2381 2419 2429 per

228 2433 561 2484 verticalem
580 2437 940 2497 primarium,
964 2450 1034 2485 ex
1055 2433 1550 2486 interfectionibus
1572 2435 1915 2486 Horizontis
1931 2435 1982 2486 &
1997 2436 2316 2487 Meridiani
2337 2436 2417 2488 di-

228 2503 368 2553 vidit
388 2503 669 2555 trifariam
691 2505 1008 2568 aequaliter‚
1038 2505 1202 2556 nulla
1225 2505 1425 2557 habita
1446 2508 1671 2557 ratione
1693 2506 2043 2570 aequalitatis
2064 2507 2305 2558 Zodiaci
2325 2507 2418 2558 vel

228 2573 580 2637 AEquatoriS,
603 2590 672 2626 eo
695 2576 851 2638 quod
872 2575 999 2626 haec
1020 2579 1166 2627 ratio
1183 2592 1218 2627 a
1232 2577 1399 2627 nobis
1415 2576 1466 2627 &
1481 2577 1852 2640 probabilior,
1876 2577 1926 2628 &
1946 2580 2173 2628 veritati
2195 2581 2415 2641 experi-

228 2647 516 2708 entiaeque
537 2649 793 2696 maxime
815 2646 1068 2698 consona
1083 2646 1440 2711 deprehensa
1454 2648 1530 2698 fit.
1554 2648 1769 2699 Addidi
1785 2648 1931 2699 alias
1945 2655 2144 2699 tamen
2160 2648 2414 2700 distribu-

226 2717 413 2766 tiones
426 2716 608 2776 binaS,
620 2712 768 2783 sstam
779 2732 881 2780 per
893 2717 1263 2781 Ecclipticam
1279 2734 1459 2781 quam
1467 2718 1868 2781 AEquatorem‚
1885 2726 1947 2770 ut
1962 2719 2194 2770 collatio
2211 2735 2416 2771 earum

227 2801 359 2836 cum
380 2785 491 2837 hac
511 2794 709 2838 nostra
730 2787 855 2838 fieri
876 2789 1061 2851 posset‚
1083 2788 1258 2839 ficubi
1274 2805 1422 2852 opus
1438 2790 1577 2840 esset.
1601 2790 1668 2840 In
1683 2788 2095 2841 directionibus
2109 2806 2267 2850 ver0‚
2291 2793 2413 2854 qui-

225 2856 333 2907 bus
362 2863 625 2920 tempora
655 2866 971 2909 eventuum
1000 2859 1392 2922 principaliter
1421 2860 1787 2924 indagantur,
1821 2861 1880 2912 id
1909 2868 2118 2925 praeter
2146 2861 2415 2912 usitatam

224 2942 326 2990 per
347 2927 790 2991 Regiomontani
812 2929 1089 2980 Canones
1110 2930 1391 2994 dirigendi
1412 2934 1701 2982 rationem
1723 2947 1758 2982 a
1778 2932 1946 2983 nobis
1967 2930 2288 2984 factitatum
2313 2938 2412 2992 est,

223 3004 286 3048 ut
301 2998 580 3049 Mensura
599 3002 890 3063 temporiS‚
914 3016 1094 3063 quam
1115 3000 1350 3052 directio
1370 3002 1634 3065 praebuit,
1655 3005 1844 3053 motui
1860 3002 2009 3054 Solis
2028 3003 2239 3054 diurno
2254 3018 2411 3062 ver0,

225 3071 325 3131 qui
351 3068 457 3120 fuit
481 3075 741 3133 tempore
766 3070 1086 3130 Geniturae,
1115 3071 1429 3123 conformis
1456 3072 1807 3132 redderetur,
1837 3073 1895 3124 id
1917 3074 2074 3137 quod
2101 3089 2210 3124 nos
2235 3074 2412 3138 longa

223 3139 616 3202 exquisitaque
632 3140 826 3191 docuit
841 3144 1211 3204 experientia⁶
1225 3143 1446 3193 Verum
1460 3158 1534 3194 ne
1550 3143 1765 3194 diutius
1780 3147 2080 3208 negotium
2095 3143 2410 3266 differatmd

2335 3230 2372 3266 a

2477 531 2498 564 5

2481 883 2523 917 10

2474 1591 2519 1625 20

2468 2302 2514 2336 30

2466 2657 2511 2691 35

2460 2725 2517 2767 9ν

2462 3011 2508 3045 40
