2678 4069
111 425 162 466 lv
285 384 475 473 DE
514 383 1377 476 TRIANGULIS
1421 387 1915 477 PLANIS
1962 386 2320 476 COM-

544 508 987 567 PENDIUM
1020 509 1567 569 CONTINENS
1597 511 2061 571 DOGMATA

1112 603 1487 664 SEPTEM.
1518 597 1537 668 ΙΙ

106 731 158 773 2r
877 722 1186 775 DOGMA
1213 725 1236 775 I
1263 724 1729 777 PLANORUM.

136 816 157 849 5
288 803 608 871 Trianguli
619 802 1003 872 Rec‘tanguli,
1027 806 1189 858 datis
1210 807 1449 859 duobus
1469 808 1552 859 la-

208 875 445 928 teribus
469 874 637 928 circa
663 873 911 937 redium,
943 878 1127 928 datur
1150 880 1408 943 uterque
1427 878 1551 929 An-

202 947 495 1013 guIOrum
518 961 658 999 cum
678 947 906 999 Latere
926 947 1180 1013 reliqua

277 1018 399 1070 Pro
406 1015 711 1084 Angulis]
723 1018 1054 1082 Multiplica
1066 1019 1217 1070 latus
1230 1019 1553 1083 oppositum

206 1089 444 1153 Angulo
457 1089 696 1152 quaefito
711 1105 814 1153 per
827 1096 1031 1149 totum,
1048 1089 1099 1140 8(
1114 1089 1460 1154 productum
1472 1091 1551 1141 di-

117 1170 158 1204 10
207 1160 339 1211 vide
360 1175 463 1224 per
483 1160 636 1211 latus
657 1160 971 1223 reliquum:
995 1163 1110 1211 exit
1131 1177 1429 1221 numeruS,
1452 1164 1552 1225 qui

207 1234 268 1282 in
298 1233 438 1282 ared
468 1231 734 1283 Canonis
763 1231 1024 1283 foecundi
1054 1232 1341 1295 quaefituS‚
1373 1248 1550 1296 angu-

206 1302 331 1353 lum
361 1301 668 1366 quaefitum
698 1302 982 1362 ostendet;
1015 1303 1328 1366 Reliquum
1353 1304 1551 1368 Angu-

206 1373 331 1424 lum
352 1374 448 1425 dat
468 1372 646 1425 huius
668 1374 1163 1438 complementum
1184 1374 1258 1425 ad
1278 1375 1362 1426 90.

277 1445 399 1497 Pro
411 1441 641 1511 latere]
653 1444 829 1507 Quod
844 1443 997 1497 reclo
1012 1444 1384 1503 subtenditur,
1406 1445 1552 1496 mul-

115 1525 156 1559 15
205 1515 402 1579 tiplica
422 1516 673 1567 alterum
692 1516 845 1568 latus
862 1531 965 1580 per
981 1523 1185 1576 totum,
1208 1515 1259 1567 8(
1280 1516 1471 1567 divide
1492 1519 1554 1567 in

205 1586 394 1639 finum
420 1587 656 1652 Anguli,
688 1590 782 1638 cui
811 1587 968 1638 idem
997 1587 1149 1639 latus
1175 1587 1551 1638 subtenditur:

206 1661 322 1709 exit
353 1658 541 1722 ipsum
578 1658 732 1710 latus
765 1658 1085 1722 quaefitum,
1126 1658 1285 1722 quod
1317 1657 1553 1722 Angulo

206 1727 380 1781 Recto
402 1732 733 1794 opponitur.
754 1725 773 1797 ΙΙ

103 1867 155 1910 3r
863 1859 1172 1911 DOGMA
1199 1859 1251 1910 II
1277 1858 1743 1910 PLANORUM.

110 1952 155 1986 20
285 1942 607 2010 Trianguli
629 1940 1013 2010 Redtanguli,
1048 1941 1210 1994 datis
1238 1942 1475 1994 duobus
1500 1941 1815 2003 lateribus
1847 1956 2105 2009 quorum
2132 1943 2393 1994 alterum

202 2028 374 2138 ἓξὲξ
388 2011 636 2076 redium,
655 2014 920 2066 alterum
937 2012 1137 2066 eidem
1154 2012 1495 2079 opponitur,
1514 2014 1740 2065 dantur
1751 2012 2002 2080 Anguli,
2021 2012 2393 2078 &reliquum

275 2157 454 2208 Latus
475 2159 627 2208 circa
648 2154 888 2208 Rectum
908 2155 1232 2220 multiplica
1257 2171 1359 2220 per
1379 2162 1581 2215 totum,
1611 2154 1661 2205 8(
1688 2154 1880 2206 divide
1906 2171 2008 2219 per
2030 2146 2072 2188 Ε

203 2228 355 2280 latus
385 2227 539 2280 recto
572 2227 923 2279 subtensum:
959 2229 1074 2278 exit
1103 2226 1257 2278 finus
1286 2226 1522 2291 Anguli,
1557 2228 1649 2277 cui
1681 2225 1832 2277 latus
1864 2225 2008 2278 illud

109 2310 154 2343 25
203 2299 577 2359 subtenditur,
600 2301 766 2350 cuius
787 2314 956 2350 arcus
978 2297 1473 2362 complementum
1494 2297 1568 2348 ad
1582 2297 1650 2348 90
1665 2297 1761 2348 dat
1775 2301 2007 2348 tertium
2082 2317 2312 2498 f

2059 2187 2389 2558 Q

204 2370 524 2435 Angulum.
553 2370 753 2421 Huius
779 2369 967 2421 finum
993 2369 1033 2419 fi
1059 2369 1535 2432 multiplicaveris
1561 2384 1663 2433 per
1682 2368 1833 2419 latus
1854 2367 2006 2420 recto

204 2441 549 2501 subtensum‚
576 2441 627 2492 8(
650 2440 907 2492 diviseris
926 2456 1029 2505 per
1048 2446 1252 2500 totum,
1281 2442 1396 2491 exit
1417 2439 1665 2491 alterum
1685 2439 1836 2490 latus
1857 2441 2009 2491 circa

204 2510 442 2572 rectum,
465 2512 623 2577 quod
645 2512 1032 2576 quaerebatur.
1049 2506 1069 2578 ΙΙ

103 2651 155 2693 4r
849 2641 1160 2694 DOGMA
1187 2640 1266 2691 III
1293 2640 1760 2692 PLANORUM.

110 2736 156 2770 30
285 2723 606 2792 Trianguli
617 2721 1001 2792 Redtanguh’,
1025 2725 1167 2776 clato
1182 2724 1380 2776 altero
1394 2725 1716 2775 acutorum
1733 2737 1872 2774 cum
1890 2737 2012 2774 uno
2024 2723 2235 2783 latere,
2253 2722 2395 2773 dan-

206 2799 309 2848 tur
324 2795 566 2862 reliqua
587 2796 707 2848 duo
724 2797 941 2848 latera.

276 2867 316 2918 I.
357 2867 417 2919 Si
449 2867 601 2919 latus
634 2865 874 2919 Red’tum
905 2866 1254 2918 subtendens
1286 2865 1591 2929 Angulum
1621 2864 1792 2916 fuerit
1825 2864 2042 2924 datum,
2076 2863 2397 2927 multiplica

204 2938 539 2990 mensuram
555 2941 680 2989 eius
694 2937 890 2989 lateris
904 2954 1007 3002 per
1020 2937 1208 2988 finum
1220 2935 1455 3000 Anguli,
1472 2938 1565 2987 cui
1582 2938 1896 3000 opponitur
1910 2935 2061 2986 latus
2077 2934 2394 2998 quaesitum,

207 3009 258 3060 &
279 3009 471 3061 divide
492 3024 594 3073 per
613 3015 823 3060 totum:
847 3012 963 3060 exit
982 3008 1150 3068 latuS‚
1173 3008 1332 3071 quod
1353 3007 1740 3070 quaerebatur.

111 3091 156 3125 35
278 3080 345 3131 ΙΙ.
374 3080 434 3132 Si
453 3096 594 3131 vero
616 3079 867 3131 alterum
887 3080 1142 3131 duorum
1162 3078 1413 3131 laterum
1433 3076 1587 3130 recto
1609 3078 2002 3129 adiacentium
2023 3076 2203 3136 detur,
2227 3074 2277 3125 8(
2296 3091 2394 3126 vo-

206 3151 385 3202 lueris
404 3150 740 3202 mensurare
761 3151 914 3202 latus
935 3148 1176 3202 Retstum
1195 3148 1544 3200 subtendens
1564 3148 1883 3213 Angulum‚
1905 3146 2225 3210 multiplica
2244 3145 2395 3197 latus

207 3222 409 3273 datum
422 3237 525 3285 per
538 3228 742 3282 totum,
765 3221 817 3272 8(
837 3222 1029 3273 divide
1043 3237 1147 3285 per
1160 3220 1348 3271 finum
1363 3219 1583 3283 Anguli
1597 3219 1695 3270 fibi
1712 3217 1975 3282 oppositi:
1999 3220 2113 3268 exit
2126 3216 2395 3267 mensura

206 3292 401 3344 lateris
423 3291 596 3344 Recto
619 3292 876 3357 oppositi.
2298 3355 2376 3406 ΠΙ
