2678 4069
261 112 363 162 220
578 98 1159 155 HOROSCOPUS
1186 96 1609 148 PRINCIPIS
1637 94 2133 147 HULDARICI

331 249 485 299 Cum
511 248 705 306 itaque
733 245 794 291 in
821 241 931 291 hac
958 239 1174 303 inclyta
1195 237 1488 289 Genitura
1509 237 1676 288 Mars
1697 238 1968 287 omnium
1994 235 2366 299 planetarum
2391 234 2453 285 fit

258 319 594 373 fortissimuS,
618 316 678 363 in
692 312 794 362 suo
810 316 1085 373 carpento
1102 308 1388 359 exaltatus
1402 308 1599 359 versus
1614 307 1898 371 angulum
1913 306 2098 370 Medij
2118 305 2290 370 Coelj,
2312 308 2451 356 reci-

257 392 420 452 piens
436 385 631 437 Solem
647 381 975 444 Horoscopi
991 380 1300 430 dominum
1315 379 1387 430 ab
1405 379 1775 437 exaltatione,
1793 377 1984 440 estque
1999 379 2047 427 is
2061 377 2233 440 supra
2248 391 2454 427 omnes

257 459 402 510 alios
424 456 686 506 eleuatus
702 452 752 503 8(
767 452 941 503 habet
961 457 1245 514 praeterea
1265 452 1327 500 in
1341 449 1704 501 Ascendente
1725 448 2130 512 triplicitatem,
2152 450 2214 498 in
2233 447 2363 498 loco
2390 450 2447 506 ΕΒ

257 528 567 584 antistiam,
608 527 669 574 in
708 523 837 573 loco
878 524 917 583 Q(
947 532 1003 573 ἦε
1045 519 1338 584 aspectum
1371 536 1505 571 cum
1538 519 1945 583 applicatione,
1985 518 2278 582 habetque
2311 520 2359 569 is
2391 520 2453 568 in
2503 530 2524 563 5

256 600 522 650 omnium
543 595 913 659 planetarum
933 592 1076 643 locis
1098 598 1337 655 excepta
1357 591 1478 643 sola
1499 592 1684 651 Luna,
1713 606 1895 654 quam
1921 600 2000 649 ÷÷,
2024 596 2083 640 vt
2104 589 2239 649 dixi,
2267 591 2452 640 intue—

254 677 361 727 tur,
384 668 645 729 aliquam
667 663 1014 715 essentialem
1029 663 1382 726 dignitatem,
1399 658 1419 729 ΙΙ
1434 662 1647 713 idcirco
1663 662 1921 712 Martem
1941 660 2325 724 principalem
2345 659 2451 710 hu·
2490 669 2566 710 11r

255 744 344 790 ius
370 738 600 801 inclytae
623 735 930 787 Geniturae
952 733 1402 798 gubernatorem
1430 733 1481 783 8(
1507 732 1898 783 vniuersalem
1919 731 2311 795 dispositorem
2331 746 2453 781 non

254 812 469 861 iniuria
490 807 902 858 constituimus.
933 804 1154 867 Quales
1175 820 1316 855 vero
1343 803 1788 868 significationes
1809 803 2020 854 Martis
2042 802 2372 853 dominium
2392 804 2453 852 in

254 881 364 931 hac
387 878 571 943 genesj
600 877 851 936 inducat,
878 876 929 927 8(
953 875 1026 926 ad
1052 891 1198 938 quas
1221 875 1631 926 inclinationes
1652 881 1859 925 natum
1878 875 2218 937 proniorem
2238 872 2452 931 reddet,
2508 884 2549 917 ιο

254 968 324 1002 ex
338 949 707 1013 sequentibus
722 949 917 1011 passim
932 946 1263 1006 innotescet,
1279 946 1371 1011 vbj
1390 949 1439 997 is
1453 953 1740 1010 tanquam
1754 945 1967 996 arbiter
1981 947 2043 995 in
2057 944 2340 995 iudicium
2355 944 2452 994 ad-

252 1021 540 1073 hibendus
557 1022 676 1071 erit.
694 1019 756 1069 Id
771 1025 970 1070 tamen
984 1016 1097 1068 hoc
1112 1017 1242 1068 loco
1258 1033 1381 1068 non
1395 1016 1873 1081 praetereundum
1889 1019 2009 1075 erit,
2027 1031 2234 1066 omnes
2247 1014 2452 1079 fignifi-

253 1095 524 1151 cationeS‚
548 1106 681 1154 quae
698 1105 733 1140 a
748 1090 941 1140 Marte
957 1088 1294 1152 procedunt,
1317 1088 1861 1151 inclinationesque‚
1884 1087 1958 1138 ad
1974 1102 2122 1150 quas
2136 1086 2232 1137 ille
2248 1092 2454 1137 natum

252 1166 537 1227 aptiorem
558 1161 771 1221 reddet,
794 1160 1019 1211 futuras
1041 1159 1298 1219 illustreS,
1324 1158 1682 1223 magnificaS‚
1710 1157 2140 1217 memorabileS‚
2168 1159 2452 1208 maxima-

254 1250 366 1298 que
394 1233 766 1297 prosperitate
793 1231 1056 1295 iufignes,
1086 1246 1156 1281 eo
1186 1231 1344 1293 quod
1364 1233 1412 1281 is
1432 1246 1555 1294 prae
1577 1232 1806 1281 coeteris
1827 1228 2101 1280 omnibus
2121 1227 2372 1292 planetis
2392 1231 2454 1278 in
2508 1239 2548 1273 15

253 1305 363 1356 hac
378 1304 593 1369 inclyta
606 1303 897 1354 Genitura
909 1302 1058 1353 adeo
1073 1301 1313 1352 feliciter
1325 1301 1682 1352 constituitur
1693 1307 1752 1351 vt
1763 1303 1861 1351 vix
1873 1300 2095 1363 aliquid
2108 1299 2244 1351 addi
2255 1294 2453 1366 possit.ss

1032 1432 1138 1483 DE
1166 1430 1672 1483 NVTRITIONE.
2491 1439 2573 1481 11ν

323 1518 674 1568 Nutritionis
690 1531 879 1566 annos
894 1514 1192 1579 appellant
1203 1515 1485 1580 Astrologj
1504 1517 1724 1578 primos
1741 1520 2010 1577 quatuor,
2027 1515 2088 1564 in
2104 1512 2316 1576 quibus
2331 1529 2453 1564 cor-

252 1605 397 1652 pora
417 1587 730 1639 infantium
744 1587 872 1637 sunt
885 1588 1178 1637 teneriora
1191 1589 1495 1650 magisque
1510 1585 1824 1637 imbecillia
1839 1584 1890 1635 8(
1906 1584 1980 1635 ob
1995 1585 2054 1635 id
2069 1586 2247 1635 etiam
2261 1600 2298 1636 a
2311 1584 2453 1635 leui-

253 1659 450 1710 oribus
490 1658 670 1710 caufis
709 1656 1131 1709 mutationibus
1165 1657 1438 1708 obnoxia.
1480 1657 1571 1708 De
1605 1656 1697 1707 his
1729 1659 1926 1719 itaque
1961 1658 2230 1706 omnium
2261 1658 2453 1719 primo
2504 1666 2549 1700 20

253 1731 455 1781 ordine
477 1736 711 1793 agentes
732 1728 1066 1793 generalem
1087 1728 1389 1791 quandam
1410 1730 1744 1780 nutritionis
1763 1727 2284 1778 considerationem
2304 1727 2452 1778 insti-

253 1808 484 1852 tuemus
505 1803 567 1851 in
588 1800 745 1851 hunc
767 1800 1027 1851 modum.

323 1872 430 1936 Etsj
468 1875 529 1922 in
561 1871 672 1922 hac
705 1871 920 1935 inclyta
954 1870 1246 1922 Genitura
1283 1873 1340 1930 Θ
1379 1870 1655 1921 dominus
1685 1869 2064 1921 Ascendentis
2097 1869 2172 1920 est
2203 1871 2265 1920 in
2297 1869 2453 1920 sexta

253 1944 429 1994 domo
451 1941 673 1994 abiecta
694 1941 744 1992 8(
766 1957 901 1993 cum
918 1941 1280 1992 Ascendente
1302 1940 1693 2001 inconiunc'ta,
1716 1941 2006 2005 oppressus
2026 1956 2063 1992 a
2087 1940 2123 2004 b
2149 1939 2200 1991 8(
2220 1940 2453 2004 insuper

253 2014 461 2065 Martis
476 2014 618 2078 radij
627 2029 652 2064 s
665 2013 979 2076 quadratis,
991 2012 1480 2076 permisceturque
1492 2012 1660 2063 fimul
1671 2013 1988 2072 Mercurio,
2002 2014 2103 2075 qui
2115 2011 2452 2063 Saturniam
2502 2022 2547 2056 25

250 2092 523 2135 naturam
549 2084 661 2135 hoc
688 2087 749 2135 in
775 2084 905 2135 loco
932 2084 1135 2143 induit,
1164 2083 1355 2147 estque
1382 2083 1550 2134 fimul
1571 2083 1686 2147 ipse
1712 2083 1749 2147 'b
1773 2086 2073 2146 vtriusque
2094 2078 2451 2150 lumina-nris
2488 2091 2564 2133 12r

252 2155 543 2218 dispositor
564 2155 890 2206 combustus
909 2154 959 2205 8(
981 2155 1293 2206 damnatus
1313 2158 1375 2205 in
1395 2154 1551 2206 sexta
1573 2155 1749 2206 domo
1772 2154 2031 2214 cadente,
2052 2154 2206 2205 vnde
2228 2153 2451 2217 aliquid

252 2226 542 2290 incomodj
578 2226 628 2276 &
658 2226 1055 2290 impedimentj
1090 2229 1150 2276 in
1180 2225 1357 2277 huius
1388 2226 1586 2291 inclyti
1616 2228 1738 2277 nati
1769 2226 2114 2276 educatione
2144 2224 2446 2289 fignificarj

251 2298 443 2360 posset;
471 2304 669 2348 tamen
696 2299 836 2359 quia
862 2297 1016 2347 idem
1038 2297 1323 2348 Saturnus
1345 2297 1419 2348 est
1441 2297 1799 2348 essentialiter
1824 2296 1986 2347 fortis
2009 2296 2060 2347 8(
2079 2296 2228 2348 bene
2251 2296 2449 2347 consti-

251 2374 407 2418 tutus
440 2370 501 2418 in
533 2367 635 2418 suo
670 2374 961 2431 carpentO,
996 2370 1290 2431 excipiens
1324 2368 1522 2420 Solem
1552 2368 1881 2431 Horoscopi
1915 2368 2223 2419 dominum
2255 2369 2317 2418 in
2348 2367 2451 2419 sua
2500 2379 2546 2413 30

253 2438 447 2498 dom0‚
477 2445 530 2489 et
561 2442 608 2496 0⁷¹
639 2438 770 2501 ipse,
799 2441 899 2501 qui
920 2455 1038 2489 vna
1059 2438 1367 2490 Geniturae
1389 2440 1664 2490 dominus
1693 2439 1873 2490 existit
1902 2439 1999 2503 (vtj
2025 2437 2321 2501 diximus),
2350 2454 2448 2502 op-

252 2512 389 2560 time
412 2509 744 2560 constitutus
765 2512 826 2559 in
848 2510 976 2574 coelj
1003 2509 1257 2560 culmine
1279 2510 1477 2561 Solem
1499 2510 1571 2561 ab
1594 2510 1946 2561 exaltatione
1968 2512 2184 2573 recipit,
2209 2509 2330 2573 ipso
2352 2512 2449 2560 eti-

253 2596 351 2630 am
380 2579 514 2630 Sole
549 2580 818 2631 existente
852 2583 912 2630 in
944 2584 1194 2631 termino
1228 2580 1470 2646 beneficj
1506 2586 1542 2639 u
1574 2584 1817 2644 eiusque
1849 2580 2028 2645 sextilj
2067 2580 2182 2644 (sed
2214 2579 2449 2644 platico)

253 2649 496 2714 aspectU‚
518 2651 730 2701 idcirco
751 2667 885 2701 meo
902 2652 1122 2715 judicio
1143 2651 1272 2702 haec
1292 2655 1489 2703 minus
1512 2652 1824 2703 commoda
1845 2651 2169 2703 constitutio
2185 2651 2336 2703 Solis
2351 2651 2450 2703 do-

252 2723 393 2785 minj
410 2721 737 2785 Horoscopi
750 2721 800 2772 &
813 2722 1156 2785 dispositoris
1177 2722 1563 2774 luminarium
1573 2726 1756 2774 vitam
1777 2725 1894 2788 natj
1914 2725 1975 2773 in
1994 2725 2165 2774 annis
2186 2722 2450 2774 infantiae
2500 2734 2545 2768 35

253 2792 599 2855 abrumpere
627 2808 748 2843 non
774 2796 997 2856 poterit,
1020 2789 1039 2860 ΙΙ
1060 2794 1376 2857 praesertim
1404 2810 1538 2845 cum
1566 2797 1769 2845 omnia
1796 2800 2013 2845 coetera
2037 2794 2184 2854 loca,
2213 2809 2347 2857 quae
2367 2796 2448 2844 vi·
2487 2803 2568 2844 12v

252 2863 428 2913 talem
442 2862 918 2926 significationem
934 2864 1209 2925 obtinent,
1225 2864 1373 2916 bene
1388 2865 1442 2915 se
1458 2865 1736 2925 habeant;
1759 2880 1900 2916 nam
1913 2865 2248 2916 Ascendens
2263 2864 2450 2928 ipsum

254 2933 327 2983 est
354 2933 602 2984 liberum
623 2950 658 2984 a
678 2934 1082 2985 maleficarum
1108 2936 1285 3000 radijs
1307 2939 1368 2986 in
1388 2936 1545 3000 figno
1566 2936 1724 3000 vitalj
1751 2943 1804 2986 et
1823 2935 2096 2999 beneuolj
2121 2936 2279 2986 Iouis
2306 2951 2448 2998 qua-

253 3004 418 3054 drato
439 3004 614 3068 longo
635 3005 822 3069 partilj
847 3012 1121 3056 naturam
1140 3009 1346 3070 trigonj
1372 3007 1445 3058 ob
1467 3007 1525 3058 id
1544 3007 1828 3057 sortiente.
1851 3007 2022 3057 Luna
2043 3009 2221 3058 etiam
2235 3006 2450 3070 apheta

255 3075 305 3125 &
331 3074 621 3125 luminare
651 3076 1142 3127 conditionarium
1170 3077 1242 3127 est
1269 3080 1331 3127 in
1352 3077 1568 3142 angulo
1589 3077 1750 3128 fortis
1771 3093 1894 3128 non
1914 3077 2193 3141 impedita
2213 3093 2250 3128 a
2269 3076 2447 3128 male·
2498 3088 2544 3122 40

254 3144 394 3205 ficis,
422 3148 482 3195 in
510 3149 759 3197 termino
784 3151 820 3203 η
846 3146 1135 3210 ipsiusque
1163 3148 1415 3207 antiscia,
1443 3149 1619 3199 ambo
1640 3164 1781 3199 vero
1807 3148 2059 3200 fortunae
2085 3153 2120 3206 ²4
2147 3147 2198 3199 8(
2223 3153 2258 3207 Ω
2282 3147 2336 3198 se
2363 3150 2447 3198 in-

2257 3234 2447 3270 uicem
