2678 4069
258 102 348 152 314
789 90 1477 144 ANNOTATIONES
1505 89 1906 141 EDITORIS

557 274 687 332 AD
720 270 1336 331 HOROSCOPOS
1365 269 1824 329 FILIORUM
1855 267 2137 328 REGIS.

314 377 511 418 Primus
538 374 745 423 horum,
769 372 1099 423 horoscopus
1127 371 1253 424 ejus,
1277 372 1364 425 qui
1389 372 1575 426 postea
1601 380 1696 411 rex
1717 369 2039 412 Christianus
2066 368 2136 410 IV
2156 367 2328 410 factus
2353 371 2445 418 est,

256 447 379 489 satis
410 445 585 487 multis
606 443 746 485 libris
769 454 930 484 manu
951 442 1157 495 scriptis
1177 443 1399 486 traditus
1421 449 1499 487 est
1518 440 1639 494 (vid.
1663 452 1823 495 supra
1843 453 1891 494 p.
1919 439 2035 496 180),
2058 440 2126 481 ad
2148 449 2280 492 quos
2302 449 2449 480 acce-

256 518 328 558 dit
347 516 505 568 ipsius
520 513 782 566 Tychonis
802 512 1034 565 primum
1055 514 1359 566 exemplum
1381 517 1449 557 ad
1469 514 1851 569 perfectionem
1866 522 1972 554 non
1988 511 2300 560 adductum3
2324 509 2449 550 illud

254 591 432 628 tamen
459 584 777 637 exemplum,
802 583 942 636 quod
968 583 1065 636 ipsi
1091 583 1198 637 regi
1224 584 1486 629 Friderico
1509 587 1554 628 II
1575 586 1829 628 traditum
1851 586 1943 633 est,
1966 581 2290 623 intercidisse
2310 580 2449 621 vide-

253 661 350 698 tur.
373 657 439 697 At
466 658 766 697 ceterorum
791 654 1232 706 horoscoporum,
1257 656 1444 708 quibus
1473 657 1641 711 agitur
1667 657 1732 698 de
1759 654 1966 697 duobus
1992 652 2127 706 regis
2152 651 2270 693 filiis
2291 653 2448 693 aetate

254 726 598 775 inferioribus,
626 725 712 778 qui
739 725 977 777 amplum
1005 725 1264 778 dignitatis
1291 730 1489 770 statum
1515 739 1810 780 numquam
1838 723 2066 767 assecuti
2091 725 2227 773 sunt,
2248 721 2449 775 singula

255 800 460 839 exstant
487 796 745 848 exempla,
769 798 926 848 atque
953 795 1039 837 illa
1067 796 1280 848 quidem
1306 798 1435 851 ipsa,
1459 810 1579 852 quae
1609 798 1717 851 regi
1741 795 1934 838 tradita
1955 797 2091 845 sunt,
2114 804 2278 846 quare
2298 790 2450 833 viridi

253 869 526 910 involucro
538 866 835 908 holoserico
848 865 1006 908 nitide
1019 870 1207 908 ornata
1222 870 1272 909 et
1286 868 1337 909 in
1352 872 1592 911 extrema
1608 868 1795 910 charta
1811 877 1942 909 auro
1958 865 2083 907 illita
2098 866 2238 914 sunt;
2254 863 2449 905 horum

254 940 394 992 prius
427 942 613 987 totum,
647 949 711 979 ex
744 938 909 979 altero
943 948 1071 979 vero
1104 939 1219 980 sola
1251 939 1610 993 interpretatio
1645 937 1965 981 Germanica
1997 935 2157 989 ipsius
2185 933 2449 987 Tychonis

255 1022 415 1051 manu
436 1010 630 1061 scripta
652 1012 743 1050 est.
763 1008 1020 1050 Omnibus
1041 1009 1182 1051 enim
1202 1009 1282 1052 his
1302 1010 1615 1064 horoscopis
1637 1008 2092 1062 interpretationes
2114 1004 2450 1048 Germanicae

254 1083 603 1122 accesserunt.

312 1151 415 1192 Etsi
434 1151 544 1203 ipse
557 1150 596 1191 T
598 1150 738 1203 ycho
760 1149 950 1191 talibus
971 1151 1402 1203 praedictionibus
1422 1164 1530 1194 non
1551 1153 1778 1194 multum
1798 1150 2078 1200 tribuebat,
2096 1148 2324 1191 dubitari
2343 1158 2449 1189 non

251 1225 472 1275 poterat,
491 1221 614 1274 quin
633 1220 687 1262 hi
706 1223 963 1262 tractatus
984 1220 1167 1275 integri
1188 1222 1519 1265 describendi
1541 1226 1729 1266 essent.
1747 1220 2005 1276 Singulari
2025 1220 2166 1262 enim
2187 1219 2449 1273 diligentia

252 1296 301 1334 et
321 1293 372 1334 in
392 1293 549 1334 rebus
571 1291 939 1334 astronomicis
960 1292 1243 1336 subtilitate
1265 1297 1471 1337 ceteros
1493 1305 1695 1345 omneS,
1719 1294 1806 1347 qui
1830 1292 2067 1347 ejusdem
2088 1290 2289 1345 generis
2313 1293 2448 1340 sunt,

252 1374 502 1417 superare
523 1363 784 1412 videntur;
814 1363 1228 1416 comparationis
1256 1375 1420 1407 causa
1448 1365 1629 1407 afierri
1648 1367 1868 1418 possunt
1889 1362 2173 1405 duodecim
2193 1361 2279 1403 illa
2302 1360 2451 1403 Geni-

250 1438 491 1476 turarum
516 1434 775 1486 exempla,
805 1445 924 1486 quae
952 1434 1164 1476 exhibet
1191 1436 1463 1478 Cardanus
1490 1436 1541 1478 in
1567 1436 1672 1478 fine
1698 1435 1829 1485 libri,
1854 1434 1942 1488 qui
1967 1433 2266 1476 inscribitur
2285 1431 2345 1473 In
2371 1430 2447 1474 CI.

251 1503 536 1547 Ptolemaei
566 1503 915 1546 Pelusiensis
944 1504 1047 1546 IIII
1074 1505 1142 1546 de
1172 1507 1438 1549 astrorum
1467 1505 1697 1561 Judiciis
1714 1538 1842 1548 .....
1859 1504 2029 1547 libros
2057 1501 2448 1546 commentaria

250 1576 485 1632 (Basileae
511 1575 640 1631 1554)
661 1588 744 1628 pp.
762 1575 1012 1626 403—513‚
1030 1576 1163 1618 inter
1184 1590 1304 1630 quae
1325 1578 1554 1620 Eduardi
1568 1577 1637 1619 VI
1659 1577 1793 1631 regis
1807 1576 2007 1631 Angliae
2028 1576 2361 1628 horoscopus
2381 1574 2451 1616 in-

250 1648 469 1689 venitur.

311 1719 410 1769 Qui
437 1718 768 1771 astrologicae
797 1718 922 1759 artis
949 1719 1338 1761 vocabulorum
1365 1720 1530 1773 ignari
1555 1722 1690 1770 sunt,
1714 1719 1965 1761 certiores
1992 1718 2150 1760 faciet
2170 1717 2301 1760 liber
2320 1728 2451 1770 prae-

253 1791 425 1832 clarus
457 1792 674 1830 auctore
703 1789 762 1830 A.
797 1789 1300 1843 Bouche—Leclercq,
1333 1789 1691 1843 L'astrologie
1725 1799 1961 1842 grecque
1988 1789 2161 1844 (Paris.
2189 1788 2334 1844 1899),
2362 1788 2452 1830 ubi

251 1872 557 1914 progressus
577 1859 732 1913 hujus
754 1860 895 1910 artis,
914 1872 1034 1913 quae
1055 1861 1106 1902 in
1126 1861 1345 1903 historia
1366 1861 1587 1903 humani
1608 1862 1778 1903 cultus
1799 1861 2054 1914 insignem
2075 1861 2255 1902 locum
2269 1859 2449 1910 tenuit,

251 1943 462 1973 summa
484 1931 723 1972 doctrina
746 1935 902 1983 atque
925 1932 1125 1984 optimo
1142 1932 1339 1986 judicio
1361 1933 1653 1986 exponitur.
1672 1932 1805 1982 Quae
1821 1933 1886 1974 de
1900 1931 2213 1974 testimoniis
2229 1931 2297 1973 ad
2312 1931 2450 1973 hanc

253 2006 421 2044 artem
443 2001 818 2055 pertinentibus
839 2005 1024 2054 postea
1046 2004 1320 2055 explorata
1341 2007 1476 2054 sunt,
1500 2003 1707 2057 collegit
1727 2003 1776 2044 F.
1792 2003 1901 2045 Boll
1916 2004 1967 2044 in
1982 2002 2449 2052 commentatione,

252 2085 371 2126 quae
392 2072 690 2115 inscribitur
703 2070 807 2113 D1‘e
823 2071 1079 2114 Erforsch
1090 2084 1200 2126 ung
1216 2074 1317 2116 der
1333 2073 1559 2116 antiken
1573 2073 1887 2127 Astrologie
1907 2073 2084 2130 (Neue
2094 2072 2280 2128 Jahrb.
2297 2071 2330 2115 f.
2349 2072 2452 2115 das

251 2144 425 2186 klass.
448 2142 715 2185 Altertum
741 2143 855 2184 XXI
878 2144 1028 2200 [1908]
1050 2157 1097 2198 p.
1123 2145 1204 2187 103
1226 2146 1372 2201 sqq).
1395 2147 1656 2188 Praeterea
1677 2146 1728 2187 in
1750 2146 1976 2190 editione
1995 2143 2310 2186 AI-Battam’
2328 2143 2451 2186 sive

253 2213 532 2256 Albatenii
552 2213 733 2267 oper1‘s
754 2214 1107 2257 astronomIci
1125 2217 1407 2267 rationum,
1432 2229 1552 2270 quae
1573 2217 1625 2259 in
1647 2217 1931 2270 astrologia
1953 2216 2357 2266 adhibebantur,
2381 2218 2452 2257 at-

256 2298 355 2339 que
385 2285 641 2338 imprimis
673 2286 1072 2328 »directionum«
1104 2287 1488 2340 supputationis
1519 2289 1738 2331 brevem
1769 2290 2115 2341 conspectum
2147 2288 2289 2329 dedit
2315 2287 2366 2329 C.
2389 2287 2448 2328 A.

256 2355 906 2411 Nallino(Pubb11‘caZioni
920 2357 1009 2398 de]
1023 2356 1086 2398 R.
1108 2356 1490 2401 OsservatorIO
1505 2358 1561 2400 di
1573 2359 1742 2401 Brera
1758 2357 1812 2400 in
1829 2357 2037 2400 Milano
2057 2369 2141 2400 no.
2159 2358 2249 2400 XL
2264 2361 2413 2412 parte
2430 2358 2449 2398 I

255 2427 556 2482 [Mediolani
581 2426 709 2482 1903]
730 2438 778 2479 p.
801 2427 886 2469 307
908 2428 1053 2484 sqq.).

316 2499 383 2539 ad
404 2510 450 2551 p.
478 2496 629 2552 183,16]
652 2496 716 2539 Cf.
739 2498 859 2539 Plin.
882 2497 1020 2539 HiSl.
1044 2499 1150 2540 nat.
1174 2499 1218 2540 II
1240 2499 1364 2550 26‚9⁵.

317 2569 383 2610 ad
404 2580 451 2621 p.
479 2567 630 2624 183‚31]
648 2568 884 2618 Juvenal.
910 2567 1020 2611 Sat.
1036 2569 1129 2610 VII
1156 2570 1237 2611 194
1258 2582 1333 2623 sq.

316 2639 382 2680 ad
404 2650 450 2691 p.
478 2638 595 2689 185,7
615 2639 629 2694 ]
652 2639 1054 2692 Longitudinem
1080 2643 1384 2683 terrestrem
1407 2654 1437 2683 a
1459 2642 1752 2684 meridiano
1779 2643 2115 2693 Ptolemaico,
2140 2643 2227 2696 qui
2248 2642 2450 2684 Insulas

257 2710 551 2751 fortunatas
577 2710 753 2762 tangit,
777 2709 1118 2762 proficiscens
1138 2711 1318 2763 Tycho
1346 2723 1630 2754 numerare
1656 2713 1803 2755 solet.
1829 2713 2053 2756 Huncne
2079 2713 2333 2768 significet
2359 2713 2451 2767 sig-

257 2792 384 2821 num
404 2770 438 2822 b
461 2779 562 2821 hoc
584 2781 704 2822 loco
725 2781 971 2833 positum,
994 2781 1045 2822 in
1065 2781 1264 2823 incerto
1286 2783 1642 2835 relinquimus.

318 2851 384 2892 ad
405 2862 453 2903 p.
481 2850 632 2906 191,10]
654 2851 731 2892 De
751 2851 993 2893 Antisciis
1014 2851 1116 2893 vid.
1140 2863 1300 2904 supra
1320 2864 1368 2905 p.
1391 2852 1463 2894 42.

318 2922 385 2962 ad
406 2933 453 2973 p.
481 2920 632 2976 l92‚15]
656 2922 830 2963 Locus
852 2921 1124 2974 apheticus
1146 2917 1318 2972 (τόπος
1339 2919 1609 2975 ἀφετικός),
1628 2936 1786 2977 quem
1809 2925 2017 2979 Hylech
2038 2927 2306 2969 vocabant
2325 2926 2450 2967 Ara-

259 2992 366 3042 bes,
386 2992 533 3033 locus
555 2995 632 3033 est
651 2992 931 3044 Eclipticae,
950 3003 1014 3033 ex
1035 3003 1139 3044 quo
1160 2992 1267 3033 vita
1287 2993 1525 3035 »dimitti«
1545 2991 1822 3046 (ἀφίεσθαι)
1844 2997 2139 3048 dicebatur;
2166 2997 2300 3039 inter
2318 2998 2450 3039 tales

260 3066 409 3104 erant
433 3065 713 3115 »punctum
742 3063 1057 3105 ascendens«
1083 3065 1133 3104 et
1157 3063 1419 3105 »medium
1447 3065 1610 3107 coeli«.
1635 3066 1725 3109 Ille
1746 3068 1972 3121 planeta,
1997 3068 2084 3121 qui
2104 3068 2155 3109 in
2176 3070 2450 3110 momento

259 3132 543 3174 nativitatis
563 3133 615 3174 in
635 3132 726 3174 tali
746 3134 865 3175 loco
887 3136 1015 3182 erat,
1037 3133 1334 3175 vocabatur
1358 3135 1603 3188 »apheta«
1628 3138 1738 3180 sive
1762 3138 2108 3191 »gubernator
2127 3139 2295 3182 vitae«.
