2678 4069
290 134 393 185 250
605 126 1181 180 HOROSCOPUS
1207 120 1628 176 PRINCIPIS
1656 118 2149 171 HULDARICI

1101 265 1648 328 CONCLVSIO.
2500 281 2579 323 73r

289 363 566 484 HAEC
594 364 654 411 in
682 360 1093 411 diiudicatione
1114 358 1470 421 Astrologica
1495 355 1672 406 huius
1698 353 1929 418 inclytae
1955 353 2278 413 Geniturae,
2301 355 2469 418 juxta

449 434 744 496 praecipua
758 430 1021 480 membra
1036 436 1357 479 euentuum
1372 430 1433 477 in
1446 429 1581 485 vita,
1597 424 1943 475 sufficienter
1957 421 2107 474 dicta
2120 423 2239 474 fint.
2262 424 2329 474 In
2345 426 2467 487 qui-

285 505 391 555 bus
418 505 626 566 partim
653 500 1090 564 Astrologorum
1115 499 1636 562 probatissimorum
1661 495 1889 558 placita,
1916 497 2128 558 partim
2153 497 2467 558 propriam,

285 589 463 637 quam
477 570 756 623 hactenus
771 574 833 621 in
847 570 957 621 1136
972 577 1093 621 arte
1108 569 1254 620 mihi
1269 570 1479 631 assequi
1493 567 1668 626 licuit,
1685 567 2104 629 experientiam
2120 565 2468 616 obseruatio·
2519 577 2540 610 5

285 658 535 706 nemque
548 642 821 705 sequutus
833 641 973 691 sum.
989 640 1140 702 Quae
1152 647 1350 691 tamen
1362 639 1697 689 nullatenus
1709 651 1814 699 pro
1827 635 2079 686 oraculis
2090 635 2184 686 vel
2194 635 2351 699 fatalj
2367 635 2468 686 ali-

284 730 401 777 qua
413 714 727 764 necessitate
740 711 939 775 haberj
951 711 1104 770 v010‚
1114 710 1207 761 sed
1219 710 1419 761 saltem
1430 707 1690 773 physicas
1703 706 1990 769 quasdam
1999 707 2100 756 esse
2110 704 2470 757 coniecturas

283 785 473 843 assero‚
497 798 749 846 quarum
771 779 1006 832 effectus
1027 797 1150 832 non
1169 781 1368 832 saltem
1383 796 1419 831 a
1432 782 1622 843 prima
1636 777 1737 828 illa
1750 778 2147 840 potissimaque
2164 776 2335 827 causa
2349 776 2468 840 ipso

283 854 546 905 videlicet
561 853 692 903 Deo
709 859 1107 903 creaturarum
1128 854 1396 902 omnium
1417 850 1715 900 conditore
1732 847 1783 898 8(
1797 845 2033 907 rectore,
2056 850 2157 910 qui
2173 843 2192 914 ΙΙ
2207 847 2470 898 secundis
2502 856 2587 898 78v

285 925 335 975 8(
361 923 730 974 inferioribus
758 922 938 974 causis
963 922 1066 972 suo
1093 923 1330 973 arbitrio
1361 921 1623 984 disponit,
1654 918 1748 969 sed
1778 934 1815 969 3
1842 918 2109 981 plurimis
2139 918 2268 981 alijs
2297 917 2469 982 longe
2524 928 2564 961 10

283 994 651 1045 inferioribus
674 993 854 1044 caulis
875 996 936 1043 in
956 993 1077 1056 ipsa
1096 1008 1293 1043 rerum
1313 998 1524 1042 natura
1543 988 1918 1049 versantibuS,
1940 990 2235 1052 immutarj
2261 987 2312 1038 8(
2332 988 2469 1039 alte-

283 1067 394 1130 1313
424 1066 644 1128 possint;
674 1063 724 1114 8(
750 1070 809 1114 vt
835 1064 905 1114 de
933 1063 1062 1128 alijs
1089 1062 1236 1113 nihil
1257 1063 1447 1113 dicam
1470 1062 1621 1124 (quis
1643 1063 1802 1111 enim
1822 1075 2027 1110 omnes
2049 1074 2469 1110 commemora-

284 1138 432 1186 uerit
440 1134 487 1197 Ρ)
504 1134 678 1186 habet
692 1134 807 1197 ipse
823 1135 1026 1185 Homo
1043 1134 1310 1184 Mentem
1325 1132 1544 1183 diuinae
1560 1130 1906 1195 particulam
1914 1131 2114 1190 Aurae,
2133 1146 2251 1193 qua
2264 1130 2469 1180 volun-

283 1213 459 1257 tatem
479 1205 723 1256 liberam
745 1212 984 1264 exercet,
1007 1204 1156 1256 adeo
1176 1211 1235 1254 vt
1255 1204 1295 1254 fi
1316 1219 1386 1255 ea
1406 1203 1516 1267 fruj
1541 1203 1592 1253 8(
1613 1200 2033 1252 rationabiliter
2051 1203 2128 1265 vtj
2152 1200 2323 1260 volet,
2348 1216 2471 1251 non

283 1277 468 1327 solum
488 1276 645 1327 astris
666 1276 872 1339 31135116
895 1278 1171 1326 creaturis
1191 1277 1434 1325 minime
1456 1274 1746 1325 obnoxius
1769 1274 1889 1331 erit,
1917 1271 2011 1322 sed
2037 1271 2209 1335 longe
2236 1270 2327 1322 his
2348 1286 2469 1321 om·
2525 1282 2566 1315 15

283 1348 453 1398 nibus
474 1346 731 1410 superior
753 1346 961 1397 euadet
983 1361 1306 1409 eorumque
1327 1344 1696 1395 influentiam
1711 1349 1949 1394 autnon
1968 1342 2167 1393 sentiet
2185 1349 2285 1393 aut
2302 1341 2468 1406 nihilj

282 1418 466 1469 faciet.
487 1417 680 1468 Taceo
696 1432 854 1467 nunc
870 1416 1204 1480 Relligionis
1219 1416 1424 1466 nostrae
1441 1415 1684 1479 Mystica
1698 1414 1892 1473 Dona,
1916 1428 2169 1476 quorum
2185 1412 2471 1463 beneficio

283 1489 587 1547 mundum,
601 1483 620 1554 ΙΙ
633 1488 690 1538 1(1
706 1487 780 1538 est
794 1490 1062 1538 omnium
1078 1493 1474 1538 creaturarum
1489 1485 1539 1536 8(
1551 1484 1860 1536 vifibilium
1874 1499 2071 1535 rerum
2086 1482 2470 1544 affectionem,
2505 1491 2584 1534 79r

284 1566 560 1610 exuentes
575 1558 744 1608 nihili
755 1557 1017 1617 facimuS‚
1032 1557 1082 1608 8(
1093 1557 1471 1608 inuifibilium
1483 1563 1955 1618 aeternarumque
1967 1557 2472 1618 participationem

282 1633 344 1680 in
358 1629 468 1681 hac
484 1632 659 1680 etiam
673 1629 901 1692 mortalj
920 1631 1054 1688 vita,
1077 1628 1187 1692 Dej
1205 1628 1380 1679 solius
1393 1626 1696 1686 benefici0‚
1718 1625 1887 1677 nobis
1902 1625 2177 1690 applicarj
2196 1628 2470 1689 permitti·
2522 1635 2567 1669 20

283 1716 429 1751 mus.
452 1700 543 1751 De
564 1699 655 1750 his
677 1702 835 1750 enim
854 1699 1148 1762 huiusque
1170 1698 1471 1750 inuifibilis
1487 1698 1725 1762 Olympi
1740 1696 2048 1747 influentia
2062 1712 2248 1760 agere,
2272 1711 2470 1760 quem-

353 1770 674 1822 admodum
694 1770 1034 1834 Astrologiae
1055 1776 1240 1820 metas
1263 1769 1507 1833 superat,
1535 1772 1615 1819 ita
1642 1771 1818 1819 etiam
1846 1770 1971 1818 eius
1991 1770 2173 1818 virtus
2195 1782 2400 1818 omnes

424 1841 705 1892 astrorum
733 1843 1025 1904 totiusque
1053 1847 1334 1892 creaturae
1363 1837 1695 1890 effectiones
1722 1838 1890 1889 facile
1917 1838 2201 1889 destruere
2229 1853 2328 1902 po-

494 1914 636 1963 terit.
660 1912 712 1962 Is
728 1914 940 1975 itaque,
956 1927 992 1963 a
1007 1927 1124 1975 quo
1139 1910 1259 1962 solo
1275 1910 1403 1962 haec
1419 1926 1658 1961 omnem
1672 1909 2003 1961 naturalem
2016 1909 2257 1960 inclina-

564 1985 785 2033 tionem
804 1985 1044 2033 vincens
1066 1981 1325 2033 efficacia
1348 1982 1620 2045 procedit,
1649 1981 1926 2044 largiatur
1946 1979 2083 2031 huic
2104 1983 2187 2030 in·
2521 1989 2565 2022 25

637 2053 785 2118 clyto
807 2060 945 2104 nato
960 2059 1217 2104 mentem
1233 2068 1351 2116 qua
1365 2052 1655 2103 mundum
1671 2051 1721 2102 8(
1735 2051 1980 2115 seipsum
1993 2054 2116 2101 vin-

814 2139 957 2185 cere,
979 2139 1235 2187 veraque
1256 2123 1369 2174 frui
1388 2123 1745 2175 beatitudine
1767 2123 1938 2186 possit.

1944 3228 2470 3281 HOROSCOPUS
