2678 4069
716 283 1386 339 PROLEGOMENA
1414 287 1816 341 EDITORIS
2225 291 2364 343 XIX

170 420 561 474 praecedebant‚
583 420 701 464 haec
723 423 857 465 ratio
879 424 1167 467 commoda
1188 429 1300 468 erat
1314 426 1544 481 satisque
1559 431 1832 479 accurata;
1854 428 1938 471 hic
1954 441 2099 479 vero,
2124 429 2209 483 qui
2223 430 2366 473 theo-

170 491 305 534 riam
317 492 649 546 planetarum
661 505 954 547 numquam
967 495 1321 549 corrigiposse
1335 498 1680 552 intellegebat,
1697 499 1739 541 si
1753 511 1816 542 ea
1832 500 2185 551 accuratione,
2204 513 2363 554 quam

170 566 376 605 veteres
397 562 576 606 animo
596 564 978 617 concepissent,
1001 569 1279 609 contentus
1294 572 1447 619 esset,
1469 569 1714 612 Armillas
1730 570 2035 613 Zodiacales
2054 572 2362 624 repudiavit,

169 633 304 676 sicut
330 633 491 676 etiam
510 633 849 687 Torquetum,
877 635 1285 679 instrumentum
1312 639 1479 693 magis
1506 640 1666 683 etiam
1693 641 1956 684 incondite
1984 641 2303 693 confectum,
2333 656 2364 685 a

171 704 424 747 GEBERO
444 704 742 759 Hispalensi
757 705 1045 757 inventum,
1070 708 1212 760 quod
1226 708 1684 754 observationibus
1698 715 1903 755 tantum
1918 724 2133 766 prorsus
2147 714 2364 756 rudibus

170 779 353 830 aptum
375 778 503 818 erat.

228 846 458 889 Armillis
478 858 607 890 vero
628 846 957 901 AEquatoriis
976 847 1158 901 Tycho
1180 851 1404 892 multum
1425 852 1684 904 utebatur,
1715 866 1834 907 quae
1861 854 2082 908 simplici
2106 856 2364 909 composi-

168 918 310 961 tione
340 921 392 960 et
421 918 734 972 symmetria
763 930 986 972 magnos
1015 931 1323 974 progressus
1354 921 1603 965 fecerant.
1634 924 1750 967 Tria
1778 925 1930 980 hujus
1957 926 2159 979 generis
2182 926 2364 969 instru-

168 992 349 1032 menta
379 989 686 1040 construxit,
716 1001 836 1043 quae
863 989 1043 1032 omnia
1069 990 1122 1032 in
1147 990 1475 1035 Mechanica
1502 994 1612 1048 ejus
1639 995 1784 1038 lineis
1815 996 2076 1050 descripta
2103 1001 2236 1039 sunt.
2268 998 2364 1039 Pri-

168 1072 318 1102 mum
338 1072 541 1112 eorum,
565 1060 707 1114 quod
724 1060 1039 1115 Uraniburgi
1052 1061 1106 1103 in
1120 1062 1483 1107 observatorio
1499 1065 1702 1108 minore
1718 1067 1970 1109 adversus
1985 1068 2363 1120 septentriones

168 1131 268 1174 sito
297 1133 620 1175 collocatum
647 1135 776 1186 erat,
805 1133 1089 1175 constabat
1114 1144 1179 1175 ex
1205 1133 1372 1176 tribus
1399 1135 1606 1178 circulis
1633 1148 1660 1179 e
1688 1137 1913 1190 chalybe
1941 1138 2107 1189 factis,
2138 1151 2363 1192 quorum

169 1203 291 1255 duo,
333 1203 657 1246 Meridianus
689 1206 741 1246 et
772 1203 1054 1258 AEquator,
1093 1204 1228 1247 inter
1260 1216 1317 1247 se
1349 1205 1502 1249 firme
1535 1207 1799 1261 conjuncti
1832 1212 2003 1259 erant;
2045 1213 2280 1252 ceterum
2314 1213 2364 1252 et

168 1274 436 1328 AEquator
454 1278 506 1317 et
526 1274 756 1318 circulus
777 1275 1156 1326 declinationis,
1186 1275 1272 1329 qui
1293 1277 1497 1319 moveri
1520 1281 1741 1331 poterat,
1770 1279 1986 1333 dioptris
2007 1292 2071 1322 ex
2093 1280 2360 1323 orichalco

169 1345 322 1388 factis
348 1345 587 1389 instructi
613 1349 779 1397 erant,
809 1359 930 1400 quae
957 1346 1250 1389 secundum
1278 1347 1504 1391 citculos
1531 1350 1733 1392 moveri
1759 1353 2000 1403 poterant
2021 1354 2071 1392 et
2092 1352 2246 1394 oculo
2274 1352 2361 1394 ob-

169 1417 427 1459 servantis
447 1418 627 1460 locum
646 1417 975 1472 praebebant,
998 1429 1122 1460 cum
1143 1418 1413 1471 cylindrus
1428 1419 1658 1473 exiguus,
1683 1421 1769 1474 qui
1783 1421 1835 1462 in
1850 1421 2023 1465 medio
2040 1422 2153 1464 axis
2167 1423 2361 1476 polaris

168 1488 316 1531 exilis
341 1488 544 1542 positus
571 1492 622 1532 et
647 1492 834 1532 contra
861 1488 1001 1531 hunc
1023 1489 1526 1543 perpendiculariter
1546 1491 1774 1534 directus
1795 1495 1922 1543 erat,
1951 1492 2172 1546 dioptrae
2194 1494 2362 1548 objec-

167 1559 292 1602 tivae
306 1559 422 1602 vice
438 1559 754 1615 fungeretur.
770 1560 1008 1603 Alterum
1022 1559 1430 1603 instrumentum
1445 1562 1566 1604 huic
1583 1562 1709 1604 satis
1724 1563 2010 1613 consimile,
2025 1565 2171 1618 cujus
2183 1568 2362 1606 tamen

167 1631 434 1685 AEquator
453 1631 658 1674 moveri
678 1634 900 1686 poterat,
922 1631 976 1673 in
995 1631 1201 1675 minore
1216 1632 1581 1676 observatorio
1597 1633 1925 1676 meridionali
1942 1636 2119 1678 locum
2133 1636 2358 1677 tenebat.

228 1701 329 1745 Hae
348 1705 530 1746 tamen
550 1702 774 1746 armillae
787 1702 942 1746 tertio
956 1702 1304 1747 instrumento
1319 1704 1598 1758 Tychonis,
1621 1705 1847 1748 Armillis
1861 1706 2187 1759 AEquatoriis
2202 1706 2362 1748 maxi-

168 1773 284 1825 mis,
320 1774 462 1828 quod
492 1774 818 1829 Stellaeburgi
847 1777 1093 1828 cryptam
1123 1775 1417 1818 maximam
1448 1775 1703 1818 adversus
1732 1776 2007 1818 meridiem
2036 1780 2361 1830 spectantem

168 1845 485 1899 occupabat,
513 1846 740 1887 multum
766 1845 1167 1899 superabantur.
1197 1846 1294 1889 Die
1319 1847 1365 1888 ll
1391 1847 1588 1890 mensis
1610 1847 1919 1890 Decembris
1946 1848 2067 1889 anni
2092 1847 2217 1898 1584,
2248 1847 2361 1901 ipso

168 1916 373 1959 solstitii
386 1916 591 1959 hiberni
608 1916 707 1967 die,
728 1916 911 1970 Tycho
932 1916 1078 1958 illum
1093 1917 1339 1971 lapidem,
1363 1930 1467 1972 quo
1482 1918 1591 1960 ima
1605 1930 1729 1972 pars
1744 1918 1856 1961 axis
1870 1919 2065 1972 polaris
2079 1918 2362 1973 longissimi

167 1987 258 2030 niti
280 1988 524 2039 debebat,
553 1988 794 2031 sollemni
813 1988 915 2030 ritu
936 1988 989 2030 in
1008 1989 1128 2032 loco
1150 2000 1247 2032 suo
1269 1989 1565 2033 collocavit.
1595 1989 1712 2032 Hoc
1737 1990 2141 2032 instrumentum
2161 1993 2363 2032 consta-

167 2059 259 2102 bat
277 2062 484 2102 tantum
499 2071 528 2102 e
543 2059 741 2102 circulo
763 2059 1142 2111 declinationis,
1165 2060 1314 2115 cujus
1336 2061 1593 2104 diameter
1607 2064 1720 2104 erat
1735 2062 1760 2103 7
1775 2061 2074 2104 cubitorum
2087 2060 2160 2117 (z
2176 2061 2238 2105 2.s
2258 2072 2362 2103 me-

165 2131 405 2186 trorum),
436 2130 524 2184 qui
551 2130 694 2173 circa
721 2130 1041 2174 diametrum
1068 2131 1155 2173 axi
1173 2132 1343 2186 polari
1364 2133 1773 2186 respondentem
1795 2132 2265 2186 circumagebatur,
2294 2135 2364 2173 at-

168 2214 269 2256 que
295 2214 324 2245 e
351 2201 685 2245 semicirculo
717 2205 839 2245 octo
870 2202 1131 2245 columnis
1160 2203 1379 2257 lapideis
1407 2203 1658 2254 innitenti,
1691 2204 1776 2257 qui
1804 2203 1850 2246 ei
1876 2203 2011 2257 parti
2037 2202 2360 2256 AEquatoris,

169 2285 289 2327 quae
309 2273 446 2315 infra
466 2273 801 2316 horizontem
821 2276 914 2325 est,
943 2274 1313 2328 respondebat.
1342 2274 1469 2317 Axis
1489 2274 1701 2328 polaris,
1731 2274 1817 2328 qui
1836 2274 1993 2317 tubus
2014 2277 2126 2317 erat
2146 2274 2360 2324 ferreus,

166 2344 239 2387 ita
268 2344 532 2387 institutus
562 2347 690 2396 erat,
724 2348 781 2387 ut
803 2345 945 2400 justa
975 2345 1256 2399 obliquitas
1287 2346 1541 2388 adversus
1574 2345 1906 2389 horizontem
1929 2346 2233 2400 justumque
2263 2344 2363 2386 azi-

168 2415 414 2458 muthum
434 2415 667 2458 cochleis
682 2416 728 2458 ei
744 2416 858 2458 dari
871 2420 1102 2470 possent.
1126 2416 1332 2460 Circulo
1348 2420 1526 2460 autem
1542 2416 1867 2460 circumacto
1884 2418 2047 2459 altera
2063 2415 2361 2459 observatio

167 2486 363 2528 institui
383 2489 606 2540 poterat,
635 2498 760 2529 cum
781 2488 947 2530 altera
966 2488 1198 2542 primum
1218 2489 1397 2542 regula
1418 2488 1657 2542 dioptrae,
1687 2488 1874 2531 deinde
1901 2488 2066 2530 altera
2093 2498 2158 2529 ex
2181 2490 2361 2529 centro

169 2556 522 2609 adhiberetur,
553 2559 695 2612 quod
721 2558 773 2601 in
798 2558 941 2601 libris
963 2559 1396 2602 observationum
1416 2559 1591 2602 verbis
1616 2559 1756 2602 »vice
1775 2570 1955 2601 versa«
1986 2561 2211 2601 notatur.
2245 2557 2360 2600 Hoc

167 2628 575 2671 instrumentum
595 2642 848 2684 magnum
869 2633 920 2672 et
940 2629 1328 2684 diligentissime
1349 2630 1653 2674 confectum
1673 2630 1959 2684 plurimum
1979 2629 2030 2672 in
2050 2641 2148 2672 usu
2166 2632 2277 2671 erat
2292 2631 2363 2670 at-

169 2710 270 2752 que
289 2698 547 2752 imprimis
566 2700 804 2754 Tychoni
823 2700 876 2743 in
896 2701 1093 2744 deliciis
1114 2700 1273 2744 fuisse
1292 2701 1512 2744 videtur.

226 2770 572 2813 Procedentes
587 2771 700 2826 jam
722 2772 790 2814 ad
810 2772 1173 2824 instrumenta,
1197 2784 1317 2826 quae
1335 2784 1364 2815 e
1382 2772 1671 2815 minoribus
1689 2772 1924 2826 partibus
1939 2771 2080 2815 orbis
2095 2770 2362 2814 circularis

169 2840 500 2893 constabant,
532 2842 764 2896 primum
790 2843 1115 2886 mentionem
1141 2843 1399 2886 faciemus
1424 2843 1754 2886 instrumenti
1781 2843 2056 2898 cujusdam
2081 2841 2359 2895 Tychonis,

169 2912 312 2965 quod
337 2912 519 2966 primis
540 2914 653 2968 Jam
677 2914 1006 2968 temporibus
1034 2914 1350 2969 Uraniburgi
1375 2914 1666 2957 institutum
1693 2917 1819 2956 erat.
1852 2913 2220 2956 Semicirculus
2250 2914 2362 2953 erat

168 2982 446 3034 verticalis,
470 2984 558 3037 qui
578 2984 722 3027 circa
742 2984 1001 3027 circulum
1021 2985 1402 3028 azimuthalem
1422 2985 1807 3028 horizontalem
1829 2982 2358 3031 circumvolvebatur,

169 3064 294 3096 cum
323 3053 466 3097 circa
496 3055 720 3098 alteram
750 3055 1139 3098 extremitatem
1169 3056 1412 3099 diametri
1441 3055 1781 3099 horizontalis
1810 3055 1989 3109 regula
2018 3054 2239 3107 dioptrae
2270 3053 2362 3094 cir-

168 3125 612 3168 cumvolveretur.
637 3126 754 3169 Hoc
775 3130 957 3169 tamen
978 3138 1085 3170 non
1104 3128 1331 3169 multum
1350 3127 1403 3169 in
1421 3138 1520 3169 usu
1541 3129 1667 3169 erat.

228 3194 621 3246 Quadrantibus
636 3197 749 3252 Jam
770 3198 936 3240 multo
959 3201 1080 3240 ante
1100 3197 1365 3251 Tychonis
1388 3200 1602 3240 aetatem
1625 3195 1916 3239 astronomi
1935 3195 2014 3237 usi
2035 3197 2196 3236 erant.
2227 3193 2360 3244 Qua—

169 3266 413 3308 drantem
433 3267 785 3310 meridianum
805 3268 1233 3312 PTOLEMAEUS
1255 3267 1517 3319 describit,
1540 3267 1628 3321 qui
1649 3267 1716 3309 ad
1737 3266 1933 3309 cubum
1953 3265 2179 3319 ligneum
2194 3265 2275 3306 vel
2291 3265 2360 3305 la-

169 3335 382 3390 pideum
404 3337 692 3380 destinatus
713 3341 826 3381 erat
846 3342 897 3381 et
915 3339 968 3381 in
988 3342 1170 3382 centro
1193 3350 1348 3381 arcus
1369 3338 1519 3381 divisi
1540 3337 1837 3391 cylindrum
1861 3336 2104 3390 exiguum
2130 3334 2356 3383 tenebat,

312 3420 398 3462 (0⁸)
