2678 4069
261 215 438 266 LVIII
801 199 1468 256 PROLEGOMENA
1496 196 1902 249 EDITORIS

259 351 499 398 habebat,
518 347 600 389 cui
615 347 746 387 inter
766 355 849 385 res
869 344 1142 384 terrestres
1163 342 1320 392 atque
1342 341 1518 379 motus
1540 337 1780 379 caelestes
1801 339 2002 378 aeterno
2024 338 2286 378 concentu
2308 347 2451 378 com-

258 422 452 475 positos
473 418 712 460 intimam
734 412 1079 456 concordiam
1099 411 1278 452 valere
1298 419 1614 462 persuasum
1635 402 1763 449 erat.

315 491 417 532 Etsi
442 499 567 530 vero
595 486 765 528 studia
793 484 902 537 ejus
929 482 1120 524 finibus
1148 478 1550 532 circumscripta
1577 489 1684 520 non
1711 481 1876 528 erant,
1906 478 1971 520 de
1999 477 2240 520 doctrina
2268 480 2450 519 tamen

257 560 451 603 caelesti
479 558 621 600 omni
646 560 886 608 tempore
914 552 1194 607 cogitabat,
1217 551 1302 593 cui
1328 553 1384 591 ut
1410 549 1573 591 fidem
1600 551 1852 599 servaret,
1881 552 2099 602 paratus
2126 551 2240 591 erat
2265 549 2449 591 sedem

257 641 540 678 amoenam,
565 639 725 681 quam
754 625 851 667 sibi
878 624 1303 677 comparaverat,
1327 624 1378 663 et
1403 620 1648 674 patriam,
1672 619 1758 661 cui
1783 619 1964 661 intime
1991 619 2196 662 deditus
2224 622 2353 670 erat,
2376 630 2452 661 re-

255 704 498 754 linquere.
524 699 702 750 Neque
730 697 870 738 enim
896 696 1069 736 levem
1090 694 1358 748 jacturam
1385 691 1522 741 fecit,
1547 702 1670 733 cum
1698 690 1927 732 Daniam
1947 690 2278 744 relinqueret.
2303 691 2451 733 Licet

254 773 303 813 in
330 770 507 813 litteris
533 768 748 822 privatis
777 767 844 808 ad
872 766 1106 808 amicum
1133 764 1447 818 popularem
1468 761 1674 816 scriptis
1695 762 1760 804 de
1781 762 1868 804 illa
1889 762 2116 812 civitate,
2140 773 2260 815 quae
2281 772 2450 814 parvo

254 854 375 884 eum
402 838 785 888 aestimavisset,
810 836 1001 879 acerbe
1022 837 1229 878 locutus
1250 835 1330 884 sit,
1353 834 1496 876 idem
1524 836 1707 875 tamen
1733 832 1785 874 in
1812 843 1876 875 eo
1903 832 2053 882 libro,
2077 844 2237 886 quem
2258 832 2451 875 eodem

252 917 393 965 temp
401 922 489 953 ore
505 911 569 952 de
585 908 941 951 instrumentis
956 906 1062 949 suis
1078 906 1252 956 edidit,
1271 917 1396 947 cum
1412 904 1712 947 caelestibus
1728 903 1868 946 curis
1882 903 2112 957 patriam
2129 906 2451 957 anteponere

254 986 618 1025 astronomum
646 981 833 1022 decere
860 980 1029 1032 negat,
1053 977 1118 1020 de
1144 977 1315 1031 patria
1336 975 1510 1018 verbis
1537 978 1711 1028 poetae
1732 974 1895 1017 utitur
1913 973 2187 1030 (Mechan.
2213 973 2300 1016 fol.
2325 974 2362 1015 C
2382 973 2448 1030 3):

956 1048 1154 1091 Natale
1175 1047 1353 1090 solum
1378 1044 1670 1089 dulcedine
1692 1046 1921 1088 cunctos

743 1119 946 1172 Allicit,
970 1119 1344 1161 Immemorem
1369 1128 1472 1160 nec
1494 1116 1629 1160 sinit
1646 1127 1777 1160 esse
1798 1115 1901 1159 sui.

250 1197 414 1237 Amor
444 1194 553 1248 ejus
583 1192 769 1247 patriae
800 1193 960 1235 etiam
987 1192 1107 1234 inde
1134 1192 1320 1241 elucet,
1350 1190 1492 1243 quod
1520 1193 1571 1231 et
1596 1189 1648 1231 in
1675 1189 1778 1231 hoc
1806 1189 1939 1231 libro
1967 1191 2018 1231 et
2043 1189 2096 1231 in
2123 1188 2355 1242 epistulis
2383 1189 2451 1231 ad

254 1269 496 1309 externos
517 1264 721 1318 scriptis
736 1275 914 1318 regem
930 1261 1393 1305 CHRISTIANUM
1416 1272 1627 1314 semper
1647 1259 1939 1302 excusabat
1960 1263 2118 1314 atque
2138 1260 2190 1302 in
2209 1260 2452 1302 homines

254 1338 529 1391 quosdam,
549 1337 635 1389 qui
654 1336 729 1378 rei
750 1335 976 1389 publicae
997 1336 1277 1388 praeerant,
1296 1344 1514 1375 omnem
1535 1333 1750 1385 culpam
1766 1330 2096 1382 conferebat3
2122 1342 2255 1384 quos
2269 1334 2452 1374 tamen

253 1420 317 1450 ne
338 1408 648 1450 nominabat
669 1407 897 1460 quidem.

312 1481 558 1521 Extremo
588 1478 711 1521 vitae
745 1482 985 1532 tempore
1014 1476 1053 1518 T
1055 1476 1196 1530 ycho
1226 1477 1343 1530 plus
1374 1488 1536 1529 quam
1565 1475 1731 1517 semel
1762 1475 2094 1517 exclamasse
2125 1474 2334 1517 dicitur:
2366 1473 2452 1516 Ne

251 1549 447 1592 frustra
478 1548 689 1591 vixisse
719 1548 921 1591 videar.
953 1548 1047 1590 His
1075 1552 1256 1590 tamen
1284 1547 1458 1590 verbis
1488 1546 1613 1589 nihil
1645 1546 1786 1588 aliud
1814 1545 2040 1588 fortasse
2067 1545 2243 1588 dicere
2270 1546 2451 1596 voluit,

252 1621 349 1664 nisi
376 1622 542 1663 multo
569 1622 720 1674 plura
748 1620 1128 1663 desideravisse
1157 1622 1314 1672 atque
1335 1618 1631 1672 speravisse
1652 1629 1767 1660 sese
1787 1617 2154 1671 profecturum
2176 1628 2307 1668 esse,
2331 1617 2454 1671 quia

254 1692 594 1735 astronomiae
624 1691 1061 1734 instaurationem
1089 1703 1120 1732 a
1146 1702 1202 1732 se
1232 1690 1541 1733 inchoatam
1571 1689 1810 1731 nondum
1839 1687 2135 1742 perfectam
2165 1699 2280 1731 esse
2311 1689 2454 1731 clare

253 1764 583 1817 intellegeret.
607 1762 781 1804 Animi
807 1762 1099 1804 humilitate
1127 1774 1421 1815 numquam
1447 1760 1726 1810 laboravit,
1750 1771 1847 1802 nec
1870 1759 2098 1801 dubitari
2118 1762 2306 1813 potest,
2331 1760 2456 1813 quin
2532 1807 2536 1809 ,

253 1834 574 1888 praestantiae
595 1846 706 1876 suae
728 1845 871 1887 saepe
893 1834 1136 1876 conscius
1158 1833 1327 1884 fuerit,
1345 1844 1468 1875 cum
1491 1832 1739 1885 epistulas
1762 1831 1828 1873 ab
1851 1831 1964 1873 aliis
1979 1831 2102 1873 viris
2124 1831 2294 1874 doctis
2313 1832 2381 1873 ad
2399 1842 2455 1873 se

253 1906 442 1947 missas
463 1906 669 1959 legeret.
688 1905 739 1946 Si
753 1916 940 1947 verum
957 1904 1259 1957 quaerimus,
1276 1904 1374 1946 soli
1396 1901 1883 1946 LANDGRAVIUS
1905 1905 1956 1944 et
1977 1901 2452 1945 ROTHMANNUS

250 1976 386 2030 juste
407 1976 673 2018 aestimare
694 1978 990 2028 potuerunt,
1015 1988 1134 2028 quae
1155 1975 1336 2029 Tycho
1359 1987 1483 2017 cum
1504 1975 1563 2016 iis
1586 1973 2211 2017 communicavit—nam
2233 1974 2298 2016 de
2321 1973 2453 2028 Kep-

254 2047 363 2088 lero
384 2046 468 2088 hic
491 2058 596 2088 non
616 2047 896 2100 loquimur,
921 2046 1008 2099 qui
1028 2047 1210 2099 paucis
1233 2046 1381 2088 annis
1403 2045 1652 2088 extremis
1675 2056 1799 2087 cum
1817 2044 2069 2098 Tychone
2089 2056 2188 2087 usu
2210 2045 2455 2100 conjunc-

254 2122 336 2159 tus
358 2121 484 2159 erat.
510 2118 640 2158 Cum
661 2118 872 2159 inventa
893 2129 989 2159 sua
1012 2118 1077 2159 ab
1100 2117 1174 2168 iis,
1193 2129 1312 2170 quae
1335 2116 1629 2159 astronomi
1649 2116 1947 2169 superiores
1968 2116 2294 2166 invenerant,
2311 2127 2456 2170 pror—

254 2200 342 2230 sus
370 2188 721 2241 discrepantia
744 2199 866 2230 cum
889 2189 1000 2230 aliis
1022 2188 1399 2238 communicat,
1423 2188 1533 2241 ipse
1560 2187 1894 2230 BRUCAEUS
1917 2188 2095 2230 animo
2117 2187 2456 2241 perturbatus

257 2259 458 2312 quaerit,
491 2271 618 2300 num
646 2259 761 2301 fieri
789 2259 1030 2312 potuerit,
1062 2263 1119 2301 ut
1147 2260 1492 2302 Ptolemaeum
1523 2262 1572 2301 et
1603 2258 1953 2312 Copernicum
1982 2259 2149 2301 Lunae
2177 2259 2364 2301 orbitae
2385 2259 2456 2301 in-

260 2330 595 2372 clinationem
616 2341 721 2372 non
742 2331 977 2383 ipsorum
998 2332 1048 2372 50
1065 2334 1154 2372 aut
1176 2334 1414 2373 cometas
1436 2331 1673 2373 caelestes
1690 2341 1805 2372 esse
1820 2330 2020 2372 lateret.
2038 2330 2207 2372 Etiam
2230 2329 2456 2371 MAEST-

261 2401 480 2451 LINUS,
500 2400 586 2453 qui
607 2412 798 2454 magno
821 2402 1047 2455 Keplero
1070 2401 1464 2444 adulescentulo
1487 2402 1670 2456 dignus
1691 2401 1940 2455 magister
1961 2405 2089 2452 erat,
2107 2401 2353 2444 omnibus
2373 2400 2454 2444 his

259 2471 416 2513 rebus
430 2472 813 2524 inexspectatis,
833 2484 962 2525 quas
973 2472 1011 2513 T
1014 2472 1154 2525 ycho
1177 2473 1347 2522 docet,
1364 2473 1519 2525 plane
1536 2472 1763 2515 afflictus
1777 2472 1999 2514 videtur.
2011 2472 2167 2515 Velut
2181 2483 2363 2515 mense
2373 2471 2401 2523 J
2406 2484 2456 2514 a-

260 2542 444 2584 nuario
468 2542 589 2584 anni
613 2542 738 2593 1599,
762 2554 885 2584 cum
916 2543 1170 2596 Keplerus
1201 2555 1324 2585 eum
1351 2544 1416 2585 de
1443 2544 1517 2594 iis,
1542 2556 1661 2596 quae
1682 2543 1864 2596 Tycho
1892 2543 1944 2585 in
1971 2544 2193 2597 epistula
2220 2543 2455 2596 quadam

260 2613 555 2665 scripserat,
588 2613 868 2655 certiorem
898 2614 1119 2664 iecisset,
1151 2614 1230 2656 his
1257 2614 1431 2656 verbis
1458 2614 1637 2656 utitur:
1672 2614 1756 2656 »In
1783 2614 1964 2657 litteris
1990 2625 2119 2656 vero
2147 2614 2215 2656 ad
2241 2617 2292 2656 te
2320 2614 2455 2656 datis

261 2683 421 2734 vides,
446 2684 586 2736 quod
612 2684 761 2726 nobis
789 2685 853 2726 de
879 2685 1071 2727 usitata
1097 2685 1353 2727 hactenus
1381 2685 1708 2727 astronomia
1729 2685 1816 2727 vix
1842 2685 2092 2727 umbram
2118 2685 2375 2739 relinquit,
2398 2688 2455 2727 ut

261 2754 542 2796 dicendum
563 2766 726 2808 prope
747 2755 897 2798 nobis
913 2756 991 2806 sit,
1008 2756 1158 2798 nobis
1174 2756 1298 2798 nihil
1315 2757 1380 2798 de
1395 2767 1457 2798 ea
1474 2760 1734 2807 constare,
1753 2768 1916 2810 quam
1936 2757 2152 2799 unicum
2173 2756 2293 2807 hoc,
2312 2756 2454 2809 quod

260 2825 311 2866 in
333 2825 700 2867 astronomicis
721 2826 845 2867 nihil
866 2826 1166 2868 sciamus.«1

321 2896 462 2937 Sicut
483 2900 659 2938 autem
675 2896 854 2949 Tycho
877 2908 955 2947 ea,
979 2909 1098 2950 quae
1113 2901 1317 2940 veteres
1340 2898 1646 2948 docuerant,
1664 2909 1770 2940 non
1791 2897 2037 2941 sufficere
2053 2897 2451 2949 demonstravit,

262 2966 332 3008 ita
357 2967 661 3008 recentioris
692 2967 1033 3009 astronomiae
1064 2968 1288 3018 aedificii,
1318 2969 1466 3022 cujus
1494 2969 1824 3010 exornationi
1850 2969 2007 3011 hodie
2035 2980 2244 3022 quoque
2271 2969 2453 3011 multae

262 3048 451 3078 manus
479 3037 747 3090 diligenter
774 3049 993 3091 operam
1021 3039 1162 3089 dant,
1185 3039 1324 3080 idem
1352 3038 1699 3081 fundamenta
1714 3039 1840 3093 jecit
1862 3043 2019 3092 atque
2040 3039 2453 3082 exstructionem

262 3107 544 3149 inchoavit.
569 3107 749 3160 Itaque
777 3107 922 3150 fama
950 3109 1059 3162 ejus
1086 3120 1237 3162 aeque
1258 3109 1395 3163 viget
1417 3112 1573 3162 atque
1593 3121 1746 3163 aeque
1766 3120 1960 3164 magno
1981 3110 2276 3153 aestimatur
2295 3109 2453 3152 hodie

322 3190 333 3214 1
357 3190 577 3224 KEPLERI
603 3190 672 3235 Op.
703 3191 716 3224 1
738 3202 775 3234 p.
791 3191 846 3226 48.
