2678 4069
733 303 1399 360 PROLEGOMENA
1428 310 1826 364 EDITORIS
2098 315 2375 366 XXXVII

192 439 279 492 qui
306 442 561 489 metuens,
590 451 654 481 ne
681 441 922 494 scriptori
950 444 1031 484 vel
1060 445 1219 486 etiam
1246 447 1341 488 sibi
1368 448 1463 500 ipsi
1491 449 1714 492 fortasse
1737 452 1861 492 mali
1883 455 2099 495 eventus
2120 453 2238 496 inde
2260 466 2379 496 con-

192 513 549 562 sequerentur,
579 510 796 552 brevem
824 512 870 553 ei
896 514 1264 565 praefationem
1285 519 1612 570 praemiserit,
1641 520 1692 561 in
1720 533 1823 573 qua
1842 522 1916 577 (ut
1937 522 2055 564 inde
2078 524 2143 566 ab
2166 525 2379 577 antiquo

192 591 311 623 aevo
333 580 526 633 saepius
547 580 750 622 factum
771 583 901 637 erat)
921 584 1075 636 plane
1097 596 1411 629 concessum
1433 600 1547 631 esse
1569 590 1778 642 diceret,
1806 596 1862 633 ut
1883 592 2162 646 hypothesi
2184 596 2381 638 mathe-

193 651 405 701 matica,
429 663 549 704 quae
568 652 768 693 nullam
784 652 880 694 sibi
895 653 1172 696 veritatem
1189 662 1460 707 assereret,
1485 664 1659 702 motus
1675 663 1964 705 caelestium
1981 665 2378 717 explicarentur.

193 722 286 763 Illo
306 722 421 775 ipso
443 722 541 772 die,
564 733 669 775 quo
691 733 824 776 opus
844 724 910 765 ad
927 735 1049 766 eum
1065 727 1314 778 pervenit,
1338 729 1655 781 Copernicus
1672 736 1909 776 mortuus
1926 738 2017 784 est,
2041 747 2208 788 neque
2225 737 2381 779 amici

193 793 302 847 ejus
333 803 553 846 operam
583 793 854 843 dederunt,
886 797 942 835 ut
970 794 1104 836 illius
1134 797 1473 849 praefationis,
1506 812 1624 852 quae
1655 803 1866 845 nomine
1893 805 2092 858 signata
2121 818 2225 848 non
2252 811 2378 857 erat,

193 866 468 906 auctorem
490 875 613 905 eum
634 875 740 906 non
761 875 876 906 esse
898 865 1336 910 demonstrarent.
1363 870 1699 923 Perspicuum
1727 885 1852 915 sane
1873 879 1985 917 erat
2007 877 2265 925 omnibus,
2295 878 2381 930 qui

192 934 347 988 primi
367 934 482 976 libri
504 946 655 988 capp.
679 935 964 988 septimum
986 939 1036 977 et
1057 940 1309 979 octavum
1331 943 1523 982 attente
1545 942 1798 995 legebant,
1828 945 2138 998 scriptorem
2166 959 2270 989 non
2295 949 2382 990 du-

194 1005 388 1047 bitasse
409 1006 473 1048 de
495 1017 650 1047 novae
672 1017 785 1048 suae
807 1006 1062 1048 doctrinae
1083 1007 1317 1059 veritate,
1341 1011 1433 1051 sed
1454 1012 1603 1065 longe
1626 1013 1795 1067 major
1817 1015 1987 1067 operis
2008 1028 2130 1069 pars
2151 1018 2381 1070 speciem

193 1087 409 1129 prorsus
440 1076 879 1118 mathematicam
909 1089 1020 1130 prae
1051 1089 1107 1119 se
1137 1077 1250 1128 fert,
1282 1079 1415 1122 sicut
1445 1082 1710 1125 Ptolemaei
1738 1083 2017 1137 Syntaxis,
2050 1099 2153 1139 quo
2181 1088 2381 1130 factum

193 1150 286 1197 est,
309 1150 364 1188 ut
386 1147 728 1201 Congregatio
751 1147 941 1189 Indicis
963 1148 1215 1199 Romana,
1239 1161 1363 1192 cum
1385 1163 1522 1194 anno
1549 1153 1658 1194 1620
1679 1153 1802 1195 illud
1823 1156 1919 1209 legi
1939 1160 2154 1207 vetaret,
2189 1158 2380 1200 »donec

193 1218 584 1272 corrigeretur«,
607 1229 904 1271 perpaucos
919 1219 1067 1261 locos
1082 1221 1347 1273 reperiret,
1371 1223 1457 1274 qui
1473 1223 1677 1265 delendi
1691 1229 1878 1267 essent.
1903 1227 2130 1278 Constat,
2148 1232 2381 1281 systema

193 1289 615 1343 Copernicanum
643 1301 674 1331 a
701 1289 878 1331 multis
904 1293 1184 1343 tamquam
1212 1303 1418 1334 meram
1447 1293 1763 1347 hypothesin
1794 1300 2071 1350 acceptum
2101 1310 2230 1349 esse,
2263 1311 2381 1351 quae

193 1360 319 1403 satis
346 1360 536 1403 idonea
563 1363 716 1411 esset,
746 1373 850 1414 qua
877 1360 1108 1403 rationes
1139 1362 1534 1406 mathematicae
1565 1365 1927 1418 fundarentur;
1960 1370 2099 1421 quod
2128 1369 2229 1411 hoc
2262 1371 2381 1412 boni

193 1443 377 1474 secum
397 1431 526 1482 tulit,
548 1435 605 1473 ut
625 1443 781 1474 novae
804 1431 1059 1474 doctrinae
1082 1432 1316 1475 fautores
1338 1435 1563 1487 amplius
1578 1437 1902 1490 septuaginta
1919 1451 2084 1481 annos
2101 1452 2130 1481 a
2146 1452 2382 1493 persecu-

192 1502 420 1545 tionibus
441 1503 803 1545 liberarentur.

253 1574 594 1627 Quamquam
619 1574 771 1627 igitur
796 1574 1024 1616 TYCHO
1052 1574 1270 1616 BRAHE
1297 1576 1586 1619 Aristotelis
1618 1581 1706 1619 aut
1736 1578 2183 1623 Scholasticorum
2216 1594 2383 1624 assec-

192 1649 333 1687 tator
353 1645 569 1687 minime
591 1648 718 1695 erat,
743 1645 861 1686 aliae
881 1648 1063 1687 tamen
1084 1647 1335 1699 quaedam
1357 1646 1642 1700 opiniones,
1669 1660 1773 1690 non
1795 1651 1954 1691 modo
1978 1652 2044 1692 ad
2066 1652 2381 1705 religionem,

194 1717 287 1759 sed
302 1716 462 1758 etiam
479 1717 546 1758 ad
561 1716 784 1769 physica
799 1716 1132 1769 pertinentes,
1156 1717 1530 1771 philosophum
1545 1718 1797 1772 impedire
1812 1724 2067 1773 poterant,
2091 1734 2194 1774 quo
2214 1724 2384 1765 minus

193 1788 411 1830 Terram
438 1787 642 1829 moveri
669 1788 922 1830 crederet.
953 1788 1151 1829 Notum
1178 1791 1271 1838 est,
1302 1788 1599 1831 doctrinam
1626 1790 1690 1832 de
1718 1790 1890 1832 forma
1910 1792 2083 1833 Terrae
2107 1793 2382 1846 sphaerica,

195 1871 315 1912 quae
336 1858 455 1900 inde
472 1871 502 1900 a
517 1858 921 1900 PARMENIDIS
938 1861 1095 1911 atque
1110 1859 1542 1901 PYTHAGORAE
1563 1861 1888 1914 temporibus
1910 1874 1940 1903 a
1962 1864 2101 1904 nullo
2122 1863 2230 1906 fere
2247 1865 2385 1906 Grae-

195 1941 383 1972 corum
409 1929 832 1983 impugnabatur,
868 1941 1081 1971 summa
1108 1929 1160 1971 vi
1185 1929 1522 1984 impugnasse
1549 1931 1797 1974 Ecclesiae
1824 1933 2014 1983 Patres,
2048 1937 2323 1987 tamquam
2354 1949 2384 1977 a

195 2001 478 2054 Scripturae
511 2012 682 2043 sacrae
717 2000 1030 2043 auctoritate
1064 2000 1419 2044 dissidentem.
1457 2002 1664 2044 Horum
1697 2003 1761 2044 de
1795 2004 1992 2045 mundo
2027 2005 2295 2057 opiniones
2327 2006 2385 2048 iis

195 2072 508 2123 nitebantur,
538 2083 658 2124 quae
685 2084 713 2114 e
740 2071 883 2113 libris
910 2071 1114 2114 Veteris
1140 2072 1460 2115 Testamenti
1486 2076 1662 2126 petere
1690 2076 1947 2127 poterant,
1977 2087 2154 2127 quare,
2183 2075 2225 2117 si
2252 2088 2387 2117 sum-

195 2155 342 2185 mam
374 2142 448 2185 rei
481 2146 703 2196 spectes,
745 2143 952 2185 eaedem
985 2142 1094 2185 fere
1127 2146 1292 2194 erant,
1329 2156 1460 2196 quas
1487 2145 1601 2199 jam
1635 2146 1800 2187 multo
1832 2149 2116 2198 antequam
2146 2146 2197 2187 in
2225 2159 2386 2188 unam

195 2217 403 2268 gentem
430 2213 594 2256 Iudaei
621 2214 945 2264 coaluerant,
977 2214 1252 2267 Babylonii
1277 2214 1560 2257 habebant.
1596 2215 1776 2268 Neque
1805 2218 1924 2258 ante
1955 2229 2151 2258 annum
2178 2217 2388 2259 Domini

195 2285 304 2327 fere
335 2284 446 2326 1000
473 2284 648 2326 forma
668 2284 843 2326 Terrae
870 2284 1134 2338 sphaerica
1160 2284 1232 2326 ita
1260 2285 1505 2327 omnibus
1532 2286 1757 2339 probata
1783 2290 1910 2337 erat,
1939 2290 1994 2328 ut
2020 2286 2129 2329 sine
2156 2287 2386 2340 periculo

195 2355 376 2398 litteris
400 2355 619 2398 tractari
645 2358 838 2409 posset.
873 2356 975 2397 Sed
1001 2355 1077 2407 iis,
1111 2356 1299 2409 quibus
1326 2357 1390 2398 de
1416 2356 1518 2398 hoc
1547 2368 1860 2410 persuasum
1891 2360 2017 2407 erat,
2049 2358 2198 2411 longe
2229 2357 2386 2399 etiam

194 2426 636 2481 progrediendum
663 2430 790 2477 erat,
819 2429 876 2468 ut
895 2426 1110 2468 Terram
1138 2427 1342 2469 moveri
1369 2427 1749 2477 existimarent;
1778 2431 1829 2470 et
1855 2440 1977 2470 cum
2005 2428 2122 2470 haec
2151 2429 2388 2470 doctrina

195 2499 402 2552 prolata
422 2501 515 2549 est,
537 2497 733 2540 nemini
752 2498 1138 2551 theologorum,
1160 2498 1270 2540 sive
1286 2498 1533 2540 Ecclesiae
1550 2498 1827 2541 catholicae
1843 2499 1952 2541 sive
1967 2499 2386 2552 evangelicarum

195 2568 351 2611 alicui
381 2568 575 2611 addicti
605 2571 770 2619 erant,
803 2568 1021 2610 dubium
1052 2572 1179 2620 erat,
1213 2569 1336 2622 quin
1364 2569 1647 2622 Scripturae
1676 2570 1973 2612 auctoritati
2001 2571 2177 2623 palam
2205 2572 2387 2611 contra

196 2640 406 2682 diceret.
436 2639 669 2682 Ecclesia
696 2639 909 2692 quidem
937 2639 1201 2682 catholica
1228 2639 1351 2682 vivo
1371 2640 1620 2693 Tychone
1648 2639 1772 2681 nihil
1801 2640 1864 2682 de
1892 2652 1954 2682 ea
1980 2652 2036 2682 re
2064 2640 2267 2693 publice
2288 2641 2388 2682 elo-

196 2713 319 2753 cuta
349 2713 476 2761 erat,
508 2710 601 2752 sed
631 2713 681 2752 et
712 2710 1068 2752 LUTHERUS
1099 2713 1150 2752 et
1181 2710 1704 2752 MELANCHTHON
1734 2710 1907 2752 verbis
1936 2710 2253 2765 gravissimis
2285 2711 2386 2752 hoc

194 2781 447 2832 fecerant,
469 2784 520 2824 et
541 2793 606 2824 ex
627 2781 864 2835 epistula,
888 2793 1050 2833 quam
1070 2781 1350 2834 theologiae
1372 2781 1586 2834 quidam
1609 2781 1876 2835 professor
1894 2781 2228 2835 Tubingensis
2250 2792 2386 2823 anno

201 2852 311 2894 1598
333 2853 401 2894 ad
423 2853 707 2906 Keplerum
729 2852 885 2902 dedit,
915 2851 1212 2894 doctrinam
1233 2852 1298 2894 de
1317 2852 1492 2894 Terrae
1514 2856 1662 2894 motu
1683 2852 1816 2894 inter
1834 2852 2106 2905 theologos
2132 2852 2262 2893 illius
2283 2851 2388 2892 uni-

196 2923 457 2965 versitatis
477 2923 529 2964 in
549 2923 786 2964 maxima
806 2922 1001 2964 invidia
1022 2922 1180 2965 fuisse
1202 2925 1359 2976 patet.
1383 2923 1550 2964 Etiam
1565 2923 1801 2975 Tychoni
1815 2923 1866 2964 in
1883 2926 2063 2976 aperto
2079 2921 2237 2963 fuisse
2252 2921 2388 2963 vide-

196 2997 295 3045 tur,
325 3006 444 3047 quae
472 2994 536 3036 de
562 2994 737 3036 Terrae
765 2993 1114 3036 collocatione
1142 2993 1193 3034 in
1219 2993 1464 3035 universo
1493 2993 1760 3047 Scriptura
1787 2994 2015 3042 doceret,
2047 3004 2213 3045 neque
2242 2991 2388 3033 aliter

196 3064 589 3118 interpretanda
616 3076 785 3117 neque
811 3063 1099 3106 inscientiae
1132 3063 1294 3106 Mosis
1325 3067 1481 3116 atque
1511 3064 1889 3117 prophetarum
1920 3063 2228 3116 imputanda
2257 3073 2384 3103 esse.

200 3135 316 3177 Hoc
338 3135 447 3188 ipse
468 3135 787 3177 lucidissime
809 3135 879 3176 ait
900 3135 951 3177 in
972 3135 1194 3188 epistula
1216 3146 1355 3176 anno
1382 3134 1492 3176 1589
1514 3135 1581 3176 ad
1603 3133 2092 3176 ROTHMANNUM
2114 3132 2322 3184 scripta.

257 3205 359 3247 Sed
385 3205 444 3247 iis
472 3217 697 3259 quoque,
727 3208 815 3260 qui
839 3205 1030 3248 talibus
1058 3204 1388 3258 opinionibus
1416 3204 1750 3258 praesumptis
1770 3215 1875 3246 non
1897 3202 2384 3250 commovebantur,

198 3276 325 3318 satis
346 3276 557 3318 difficile
578 3280 691 3319 erat
710 3277 885 3319 Terrae
906 3279 1113 3318 motum
1135 3285 1257 3316 cum
1285 3275 1612 3328 generalibus
1640 3274 1967 3327 opinionibus
1994 3272 2238 3326 physicis,
2267 3283 2385 3323 quae

197 3346 284 3388 illo
304 3349 545 3400 tempore
560 3347 819 3401 vigebant,
842 3348 1172 3402 conjungere.
1197 3347 1455 3388 Memoria
1471 3345 1609 3387 enim
1622 3345 1906 3386 tenendum
1921 3347 2013 3393 est,
2035 3344 2187 3396 leges,
2209 3353 2386 3383 secun-
