2678 4069
201 168 277 219 VI
733 150 1393 208 PROLEGOMENA
1421 147 1819 199 EDITORIS

196 301 570 355 Proposuerant
594 295 689 338 sibi
715 291 1002 336 astronomi
1029 290 1201 332 Graeci
1224 288 1603 342 »phaenomena
1629 287 1862 328 salvare«
1887 280 2082 335 (σῴζειν
2107 281 2167 326 τὰ
2194 281 2363 336 φαινό-

197 368 353 425 μενα);
385 370 485 411 hoc
512 378 637 408 vero
668 364 789 406 nihil
820 362 957 404 aliud
988 364 1100 403 erat
1129 372 1289 413 quam
1315 361 1506 408 motus,
1537 356 1623 410 qui
1648 356 1977 405 videbantur,
2008 356 2244 398 caelestes
2269 368 2364 410 per

195 438 619 484 mathematicam
640 435 895 475 rationem
916 430 1260 484 interpretari,
1285 429 1426 482 quod
1446 430 1661 481 propter
1682 438 1817 477 eam,
1836 438 1996 479 quam
2016 425 2361 478 instituerant,

195 510 536 565 quaestionum
563 502 1056 546 mathematicarum
1083 500 1453 542 tractationem
1481 509 1587 539 non
1614 496 1762 538 aliter
1787 496 1901 538 fieri
1927 499 2136 549 poterat
2155 497 2251 539 nisi
2270 509 2364 551 per

193 577 598 623 constructiones
629 572 985 627 geometricas.
1017 571 1134 612 Non
1163 574 1407 624 poterant
1431 568 1526 610 sibi
1554 578 1867 621 proponere,
1895 570 1952 608 ut
1979 578 2192 609 cursum
2218 567 2362 609 illum

191 648 477 695 definirent,
511 656 665 698 quem
704 654 759 684 re
794 653 919 683 vera
953 642 1161 694 planeta
1193 650 1287 692 per
1319 638 1546 691 spatium
1575 637 1730 679 inane
1762 636 2068 687 conficeret;
2110 638 2362 690 quamdiu

189 719 323 761 enim
352 718 522 765 Terra,
554 716 698 756 locus
730 711 1054 765 spectatoris,
1088 710 1309 752 immota
1343 720 1457 750 esse
1490 707 1903 758 existimabatur,
1938 707 2042 750 hoc
2075 708 2189 750 fieri
2220 709 2362 751 nullo

187 789 345 830 modo
376 788 592 839 poterat.
625 783 727 824 Etsi
752 793 879 823 vero
910 782 1049 834 apud
1077 781 1295 822 Graecos
1325 780 1390 821 de
1415 779 1591 821 Terrae
1621 778 1947 821 revolutione
1978 778 2283 831 quotidiana
2313 782 2364 821 et

186 869 357 900 annuo
386 856 492 909 ejus
514 854 654 896 circa
676 853 849 895 Solem
870 855 1018 894 motu
1041 850 1254 904 quidam
1276 849 1651 903 cogitaverant,
1674 849 1792 891 haec
1812 852 1994 891 tamen
2014 860 2163 891 mera
2185 849 2360 903 opinio

187 931 310 977 erat,
340 927 404 968 ab
434 922 842 966 ARISTARCHO
874 922 1051 964 Samio
1083 921 1152 962 III
1183 933 1229 962 a.
1254 920 1370 962 Chr.
1394 932 1442 961 n.
1471 921 1669 962 saeculo
1700 919 1987 973 proposita,
2018 932 2138 973 quae
2168 920 2363 962 nemini

185 999 291 1040 fere
317 996 638 1050 probabatur
657 1019 712 1024 —
733 992 1070 1035 SELEUCUS
1097 992 1239 1034 solus
1266 990 1501 1033 Seleucia
1523 994 1668 1033 ortus
1688 990 1903 1044 vestigia
1925 991 2034 1045 ejus
2055 994 2362 1044 persecutus

185 1080 296 1110 esse
317 1069 640 1115 narratur—,
654 1075 822 1117 neque
842 1075 1097 1116 umquam
1118 1062 1406 1105 rationibus
1421 1061 1811 1104 mathematicis
1824 1064 2054 1103 tractata
2069 1064 2196 1103 erat.
2213 1062 2363 1103 Alex-

185 1138 522 1180 andrinorum
544 1138 700 1178 aetate
722 1134 937 1177 dubium
959 1145 1065 1176 non
1086 1136 1214 1183 erat,
1233 1132 1356 1186 quin
1370 1132 1583 1185 sphaera
1599 1132 1823 1174 caelestis
1837 1132 1895 1173 24
1909 1132 2054 1175 horis
2069 1133 2362 1175 revolvere-

182 1213 278 1258 tur,
306 1219 485 1249 secum
512 1206 683 1247 ferens
709 1205 883 1247 Solem
911 1205 1117 1246 Lunam
1144 1204 1502 1257 planetasque,
1526 1202 1613 1256 qui
1632 1202 1729 1256 ipsi
1749 1206 2009 1256 praeterea
2029 1214 2154 1245 suos
2175 1214 2360 1246 cursus

182 1280 313 1320 inter
332 1278 505 1319 stellas
525 1277 658 1318 fixas
680 1275 1014 1318 conficerent.

241 1348 406 1391 Facile
431 1346 750 1399 intellegitur,
774 1357 866 1399 per
891 1345 1150 1388 rationem
1176 1347 1352 1387 motus
1379 1345 1710 1397 planetarum
1733 1344 1799 1387 ab
1822 1344 2141 1387 astronomis
2166 1344 2361 1387 institu-

181 1423 290 1461 tam
316 1419 386 1460 ita
414 1420 616 1459 tantum
648 1416 1025 1470 »phaenomena
1054 1415 1272 1457 salvari«
1303 1426 1473 1468 posse,
1502 1415 1545 1457 si
1575 1415 1993 1458 constructiones
2023 1416 2360 1469 geometricae

180 1490 303 1532 satis
330 1488 602 1542 explicatae
623 1499 685 1529 ac
707 1487 924 1537 numeri,
949 1486 1134 1540 quibus
1156 1498 1287 1539 opus
1307 1485 1386 1536 sit,
1410 1489 1659 1528 accurate
1680 1486 1877 1528 definiti
1896 1486 2017 1537 sint;
2047 1486 2360 1529 definiendae

181 1563 299 1602 sunt
319 1558 541 1612 exempli
561 1558 723 1611 gratia
743 1561 820 1600 tot
841 1557 1157 1600 circulorum
1178 1556 1448 1599 radiorum
1469 1568 1749 1608 mensurae,
1767 1569 1927 1610 quam
1948 1556 2208 1600 rationem
2227 1557 2362 1600 inter

180 1642 235 1673 se
260 1632 484 1679 teneant,
506 1629 735 1681 situsque
762 1631 1064 1670 centrorum
1090 1627 1296 1670 orbium
1318 1627 1737 1670 eccentricorum
1758 1628 2063 1681 designandi
2081 1631 2216 1670 sunt.
2241 1628 2358 1671 Hoc

180 1702 291 1743 solo
311 1700 362 1741 in
384 1711 569 1753 genere
590 1699 879 1741 astronomi
893 1698 1110 1749 Arabes,
1127 1698 1214 1752 qui
1234 1698 1410 1741 medio
1432 1710 1551 1741 aevo
1571 1698 1879 1749 floruerunt,
1897 1698 2091 1752 aliquid
2105 1698 2230 1742 boni
2244 1711 2360 1753 pro-

180 1772 418 1813 tulerunt.
442 1770 499 1811 In
526 1771 732 1823 Europa
757 1781 901 1820 vero,
929 1769 972 1811 si
999 1769 1309 1823 Hispaniam
1336 1769 1583 1823 excipias,
1611 1769 1879 1812 Ptolemaei
1906 1781 2039 1823 opus
2064 1773 2178 1812 tum
2205 1771 2359 1824 plane

180 1841 530 1895 ignorabatur,
553 1851 720 1893 neque
741 1843 861 1882 ante
881 1841 1137 1882 saeculum
1152 1840 1245 1881 XII
1259 1841 1343 1882 vel
1357 1840 1475 1881 XIII
1497 1840 1670 1893 aliqua
1691 1852 1814 1894 pars
1836 1851 2037 1891 eorum,
2055 1852 2175 1894 quae
2197 1843 2360 1883 astro-

181 1911 358 1954 nomia
377 1911 849 1953 Alexandrinorum
877 1914 1119 1953 assecuta
1146 1914 1274 1962 erat,
1302 1922 1396 1964 per
1422 1911 1830 1965 compendiosos
1856 1911 2260 1954 ALBATEGNII
2288 1915 2360 1954 at-

182 1994 281 2035 que
300 1981 677 2023 ALFRAGANI
705 1981 1115 2024 commentarios
1136 1982 1187 2023 in
1207 1982 1472 2035 Europam
1493 1982 1768 2035 pervenire
1789 1982 1962 2036 coepit.
1989 1982 2097 2024 Nec
2119 1993 2247 2025 vero
2268 1982 2360 2024 im—

181 2055 439 2094 mutatum
461 2063 553 2105 per
571 2055 649 2094 tot
668 2052 863 2094 saecula
885 2053 1075 2094 caelum
1097 2052 1282 2102 fuerat,
1305 2055 1655 2106 posteaquam
1675 2052 1994 2095 immensam
2016 2053 2359 2096 astronomiae

182 2123 385 2165 Graecae
429 2123 624 2165 molem
668 2123 978 2165 Ptolemaeus
1017 2123 1459 2166 exaedificaverat.
1502 2123 1968 2179 Quemadmodum
2007 2123 2356 2178 horologium,

181 2194 320 2246 quod
348 2193 470 2235 olim
496 2196 702 2247 tempus
729 2196 870 2235 recte
896 2194 1158 2244 indicavit,
1183 2194 1434 2247 quoniam
1460 2197 1637 2237 motus
1658 2195 1768 2249 ejus
1789 2195 2005 2237 diurnus
2026 2207 2216 2248 parum
2237 2206 2359 2238 con-

179 2266 296 2313 stat,
313 2266 429 2317 post
449 2264 646 2317 longius
666 2264 891 2317 spatium
913 2276 943 2306 a
963 2276 1091 2307 vero
1111 2267 1352 2318 tempore
1371 2266 1596 2307 multum
1617 2265 1918 2319 discrepare
1937 2277 2154 2308 necesse
2174 2268 2267 2316 est,
2285 2265 2358 2308 ita

182 2346 299 2386 quae
328 2334 530 2375 inerant
558 2334 844 2376 rationibus
874 2335 1241 2378 astronomicis
1266 2336 1407 2386 vitia,
1435 2347 1602 2389 usque
1629 2348 1692 2379 eo
1721 2340 2000 2379 creverant
2026 2348 2120 2390 per
2145 2338 2359 2388 saecula,

181 2404 347 2446 donec
379 2404 676 2446 observatio
708 2417 737 2446 a
767 2405 1134 2458 supputatione
1164 2406 1367 2449 fortiter
1395 2406 1727 2460 discrepavit.
1758 2408 1834 2449 Ac
1865 2419 1931 2449 ne
1960 2419 2117 2450 novae
2148 2407 2360 2461 quidem

178 2474 373 2516 tabulae
394 2476 738 2528 planetarum,
754 2476 1092 2529 Alphonsinae
1114 2489 1233 2529 quae
1253 2478 1601 2528 vocabantur,
1619 2489 1750 2531 quas
1765 2478 2167 2521 ALPHONSUS
2187 2479 2248 2529 X,
2266 2490 2360 2520 rex

181 2544 416 2595 Castiliae‚
433 2545 606 2588 medio
627 2547 823 2588 saeculo
838 2547 972 2597 XIII,
988 2547 1224 2589 Arabum
1244 2548 1426 2590 studiis
1447 2548 1668 2599 innixus,
1685 2548 2044 2592 conficiendas
2060 2552 2357 2600 curaverat,

180 2617 298 2667 post
319 2627 484 2657 annos
506 2616 759 2658 ducentos
779 2617 904 2659 satis
926 2629 1047 2659 cum
1070 2619 1202 2661 caelo
1225 2619 1599 2673 congruebant.

238 2685 441 2728 Saeculo
462 2685 553 2727 XV
574 2697 696 2728 cum
722 2691 1085 2730 renasceretur
1106 2690 1276 2732 omnis
1297 2690 1553 2740 doctrina,
1577 2690 1919 2733 astronomiae
1940 2690 2185 2733 studiosis
2206 2690 2359 2733 facile

180 2755 357 2807 patuit,
391 2755 443 2797 in
475 2756 815 2800 fundamento
850 2759 915 2800 ab
948 2759 1311 2802 Alexandrinis
1338 2761 1483 2815 jacto
1519 2761 1671 2803 altius
1704 2761 1989 2804 aedificium
2023 2761 2220 2803 exstrui
2252 2773 2359 2804 non

179 2836 353 2877 posse,
384 2826 479 2868 nisi
507 2827 695 2880 ingenti
727 2829 991 2872 Ptolemaei
1022 2842 1181 2884 opere
1210 2832 1352 2884 prius
1382 2831 1651 2885 diligenter
1679 2835 2003 2885 pertractato
2033 2832 2205 2885 ipsum
2233 2832 2358 2874 illud

180 2894 577 2938 fundamentum
598 2899 799 2951 penitus
821 2905 1240 2953 cognosceretur.
1259 2902 1413 2953 Quod
1433 2902 1767 2956 perfecerunt
1782 2902 2074 2946 astronomi
2090 2902 2355 2953 Germani,

177 2965 589 3010 PURBACHIUS
605 2972 655 3010 et
670 2970 1260 3023 REGIOMONTANUS,
1279 2973 1365 3027 qui
1385 2985 1491 3016 non
1511 2974 1683 3016 solum
1697 2973 1795 3027 ipsi
1809 2973 2096 3016 enchiridia
2110 2973 2357 3016 uberiora

180 3036 612 3090 conscripserunt,
629 3040 720 3081 sed
736 3040 893 3083 etiam
910 3040 1025 3095 Syn
1033 3042 1176 3084 taxis
1191 3043 1402 3086 codices
1417 3045 1636 3087 Graecos
1651 3045 1993 3098 protulerunt,
2012 3044 2099 3097 qui
2112 3044 2164 3085 in
2178 3045 2356 3086 locum

178 3107 519 3149 succederent
538 3108 1023 3162 interpretationum
1043 3114 1174 3156 illius
1197 3113 1579 3167 »Almagesti«‚
1604 3127 1724 3169 quae
1744 3114 2185 3157 intercedentibus
2205 3115 2357 3156 inter-

177 3178 551 3229 pretationibus
570 3180 807 3223 Arabicis
835 3182 1092 3226 confectae
1120 3188 1283 3227 erant.
1304 3185 1440 3228 Talis
1461 3185 1620 3228 etiam
1641 3185 2001 3240 interpretatio
2023 3185 2257 3228 adhibita
2279 3188 2357 3228 est
