2678 4069
212 140 260 189 11
812 122 1239 176 PRAEFATIO
1267 115 1762 172 SOCIETATIS

209 274 327 316 teris
344 270 556 322 benigne
570 275 819 318 responsa
832 264 965 311 sunt,
984 272 1061 310 ea,
1080 271 1198 312 quae
1215 270 1243 300 e
1258 256 1509 310 catalogis
1522 254 1660 308 typis
1675 251 1947 306 descriptis
1961 251 2174 294 inventa
2188 255 2377 304 essent,

210 345 308 384 hac
330 340 526 382 ratione
547 336 669 378 satis
691 332 876 385 corrigi
896 341 1050 384 posse
1070 329 1389 370 intellectum
1411 329 1502 369 est.

268 412 395 461 Quae
416 409 493 449 his
514 405 796 448 rationibus
813 399 1103 453 conquisita
1118 401 1168 440 et
1181 410 1392 440 summa
1406 395 1714 438 liberalitate
1729 404 1931 443 eorum,
1949 391 2036 445 qui
2050 391 2378 436 bibliothecis

209 479 532 530 archivisque
552 476 796 529 praesunt,
818 472 870 512 in
897 468 1271 511 Bibliothecam
1299 467 1508 521 Regiam
1531 464 1889 507 Hauniensem
1909 462 2221 505 transmissa
2240 466 2376 515 sunt,

207 552 336 591 inter
355 559 409 590 se
431 543 778 588 diversissima
801 544 939 583 sunt:
958 538 1430 582 commentationes
1453 537 1569 578 aliae
1584 538 1704 577 sunt
1718 534 1949 587 integrae,
1967 532 2069 574 alia
2083 533 2379 587 fragmenta

208 616 704 662 commentationum
716 614 797 654 vel
809 611 978 664 prima
989 608 1256 662 scriptoris
1269 608 1510 660 exempla
1523 609 1573 648 et
1585 603 2016 647 adumbrationes
2027 603 2377 657 imperfectae;

207 688 443 731 omnibus
471 689 644 727 autern
673 681 924 724 DREYER
951 679 1194 732 inspectis
1222 682 1379 731 atque
1401 676 1648 726 excussis,
1672 687 1792 728 quae
1814 673 2040 716 editione
2061 674 2377 728 recipienda,

206 771 322 811 quae
336 768 461 798 vero
482 759 536 796 ut
558 751 983 795 adumbrationes
1004 749 1304 790 immaturae
1326 751 1376 790 et
1391 748 1458 789 ad
1473 745 1851 800 perfectionem
1866 756 1974 787 non
1989 745 2235 788 adductae
2248 757 2382 799 prae-

204 826 532 869 tei-mittenda
560 826 744 872 essent,
771 820 1086 875 dijudicavit.
1113 819 1258 861 Idem
1279 817 1517 860 editionis
1539 816 1777 859 ordinem
1799 818 1850 857 et
1869 815 2129 858 rationem
2149 815 2380 867 instituit,

204 899 569 951 prolegomena
590 893 759 947 primo
773 895 921 933 tomo
937 889 1321 943 comprehensa
1337 891 1387 930 et
1402 888 1768 930 annotationes
1785 887 1852 928 ad
1868 886 2210 929 astronomiae
2225 887 2382 931 histo-

204 969 333 1009 riam
349 968 641 1019 spectantes
658 962 897 1011 confecit,
914 961 1136 1014 denique
1153 960 1481 1013 plagularum
1497 957 1839 1001 correctionis
1854 969 1974 1000 eam
1988 960 2195 1011 partem
2210 970 2383 1001 susce-

203 1038 288 1091 pit,
307 1049 423 1089 quae
445 1036 512 1077 ad
534 1033 912 1076 astronomiam
938 1031 1174 1085 pertinet.
1199 1029 1476 1072 Codicibus
1496 1041 1659 1071 manu
1679 1028 1884 1082 scriptis
1905 1028 2123 1079 collatis,
2147 1028 2382 1072 adhibita

204 1111 313 1149 arte
339 1106 720 1160 philologorum
747 1102 942 1153 critica,
969 1113 1187 1155 operam
1214 1100 1467 1142 librorum
1496 1101 1822 1142 edendorum
1848 1098 2099 1155 (exceptis
2122 1099 2182 1142 iis
2204 1100 2380 1152 tomis,

205 1178 288 1231 qui
318 1175 707 1219 observationes
738 1171 1207 1227 comprehendunt)
1232 1170 1460 1224 suscepit
1480 1167 1771 1210 IOANNES
1799 1168 2054 1210 RAEDER.
2079 1170 2379 1214 Rationibus

201 1250 264 1290 ab
292 1248 402 1301 ipso
429 1245 668 1288 institutis
698 1247 854 1297 atque
884 1256 915 1285 a
945 1243 1182 1296 Dreyero
1214 1239 1573 1295 comprobatis
1603 1238 1821 1281 archiva
1850 1239 2074 1293 inspexit
2102 1241 2378 1285 EILERUS

201 1317 550 1366 NYSTROEM,
574 1316 660 1368 qui
685 1316 827 1356 illum
853 1318 1059 1356 tomum
1087 1313 1348 1355 edendum
1376 1311 1594 1360 curabit,
1622 1309 1708 1363 qui
1734 1309 1931 1352 litteras
1959 1313 2117 1364 atque
2144 1315 2265 1355 acta
2290 1325 2380 1367 pu-

200 1389 332 1431 blica
363 1389 429 1429 ad
457 1387 619 1429 vitam
645 1385 905 1438 Tychonis
937 1383 1245 1438 pertinentia
1279 1381 1578 1431 continebit,
1609 1381 1698 1423 ubi
1728 1381 1792 1422 de
1818 1380 1914 1423 illis
1941 1381 2282 1425 archivorum
2309 1383 2379 1426 in-

201 1458 554 1512 quisitionibus
581 1457 811 1510 pluribus
837 1455 1011 1497 verbis
1039 1458 1232 1508 agetur.
1258 1455 1315 1495 In
1342 1453 1495 1507 copia
1522 1452 1776 1495 librorum
1809 1464 1972 1494 manu
2001 1452 2320 1507 scriptorum
2351 1467 2379 1497 e

200 1528 521 1571 bibliothecis
551 1527 881 1581 congerenda
910 1526 1088 1579 iisque,
1117 1538 1237 1578 quae
1267 1526 1505 1578 Dreyero
1532 1526 1679 1565 tanto
1707 1522 1877 1576 spatio
1906 1523 1972 1566 ab
2001 1523 2211 1566 Haunia
2238 1536 2381 1568 com-

199 1599 425 1641 moranti
451 1599 662 1652 exsequi
689 1610 794 1640 non
819 1597 1023 1646 licebat,
1053 1594 1476 1638 administrandis
1504 1605 1723 1648 operam
1753 1594 1969 1636 navavit
1995 1594 2301 1639 CAROLUS
2328 1597 2377 1639 S.

200 1670 527 1720 PETERSEN,
546 1669 632 1723 qui
653 1668 810 1710 etiam
824 1668 898 1718 iis,
917 1679 1035 1721 quae
1052 1668 1119 1709 ad
1135 1666 1372 1709 editionis
1387 1665 1617 1719 speciem
1634 1667 1908 1718 artemque
1921 1666 2379 1720 typographorum

200 1740 469 1795 pertinent,
491 1740 715 1781 intentus
736 1739 844 1781 fuit.

259 1811 388 1861 Quae
409 1811 459 1852 in
486 1808 955 1852 observationibus
971 1806 1242 1851 acl1'tter1‘s
1257 1806 1504 1860 actisque
1515 1805 1755 1860 publicis
1771 1807 1985 1850 edendis
2000 1809 2137 1862 leges
2151 1813 2379 1853 servatae

200 1882 313 1932 sint,
331 1893 424 1924 suo
439 1884 678 1934 tempore
694 1880 825 1922 ratio
848 1880 1113 1929 reddetur;
1137 1879 1188 1921 in
1208 1877 1429 1932 scripfis
1450 1878 1664 1920 edendis
1684 1877 1758 1920 sic
1781 1881 1960 1920 actum
1975 1882 2067 1921 est.
2083 1879 2166 1921 Ad
2179 1879 2379 1934 singula

201 1952 392 2005 scripta
419 1952 621 1993 edenda
647 1950 860 2004 singulae
887 1949 1138 1992 editiones
1164 1951 1247 1992 vel
1273 1949 1457 2003 singuli
1482 1949 1597 1991 libri
1623 1961 1785 1991 manu
1806 1948 1985 2003 scripti
2005 1949 2223 1993 adhibiti
2242 1954 2377 2003 sunt,

203 2023 288 2076 qui
314 2023 380 2064 ad
407 2023 630 2064 litteram
658 2021 888 2075 expressi
913 2024 1046 2071 sunt,
1069 2020 1140 2062 ita
1159 2024 1340 2062 tamen
1359 2023 1416 2062 ut
1437 2019 1753 2073 compendia
1772 2020 1931 2063 tacite
1952 2020 2204 2064 dissoluta
2227 2025 2278 2064 et
2298 2034 2381 2065 ac-

203 2096 381 2136 centus
408 2096 547 2135 notae
574 2092 784 2147 (praeter
809 2095 990 2134 notam
1012 2091 1045 2147 Α)
1066 2092 1277 2134 omissae
1297 2091 1417 2142 sint;
1447 2090 1499 2132 in
1523 2090 1942 2145 interpunctione
1963 2095 2141 2134 autem
2163 2095 2214 2134 et
2234 2105 2381 2147 gran-

202 2164 343 2205 dium
364 2163 650 2205 litterarum
672 2174 783 2212 usu,
803 2175 920 2215 quae
941 2163 992 2203 in
1012 2162 1154 2205 initio
1169 2162 1457 2205 verborum
1479 2165 1750 2216 apparent,
1767 2173 1833 2204 ne
1854 2162 2015 2204 nimia
2028 2162 2380 2206 inconstantia

202 2235 284 2275 vel
311 2233 600 2277 obscuritas
627 2234 870 2283 eveniret,
894 2233 959 2275 ab
988 2233 1239 2286 exemplis
1265 2232 1532 2286 praecipue
1558 2245 1721 2274 manu
1747 2232 1952 2287 scriptis
1978 2245 2379 2287 nonnumquam

204 2304 488 2346 discessum
516 2307 606 2346 est.
631 2304 688 2345 In
712 2307 857 2345 textu
876 2315 1004 2345 vero
1031 2303 1126 2345 illis
1151 2306 1357 2345 tantum
1384 2303 1512 2346 locis
1539 2303 1733 2356 aliquid
1761 2307 2061 2346 correctum
2083 2307 2176 2355 est,
2197 2305 2287 2347 ubi
2307 2317 2382 2348 er-

203 2385 348 2416 rores
374 2374 704 2417 librariorum
724 2375 807 2416 vel
832 2373 1287 2427 typographorum
1312 2374 1528 2416 subesse
1548 2373 1865 2425 viderentur,
1887 2374 1998 2417 sive
2017 2386 2112 2429 per
2136 2387 2193 2417 se
2219 2376 2382 2418 mani-

203 2444 332 2494 festi,
348 2444 456 2486 sive
476 2444 528 2486 in
549 2444 857 2487 editionibus
877 2444 1194 2498 principibus
1215 2445 1349 2486 inter
1369 2444 1680 2498 corrigenda
1699 2444 1914 2487 indicati
1935 2448 2122 2496 essent,
2138 2445 2248 2488 sive
2269 2446 2381 2490 aliis

200 2515 505 2557 testimoniis
527 2515 767 2557 adhibitis
788 2515 1106 2569 deprehendi
1126 2518 1359 2568 possent;
1382 2515 1471 2557 ubi
1484 2527 1612 2558 vero
1628 2516 1776 2558 locus
1791 2519 2070 2569 corruptus
2084 2517 2261 2558 sanari
2275 2522 2384 2560 nonv

200 2588 456 2638 potuerat,
479 2589 603 2627 nota
624 2586 645 2608 *⁸
666 2586 874 2639 appicta
895 2589 986 2628 est.
1010 2586 1141 2636 Quae
1164 2585 1519 2628 correctiones
1540 2589 1770 2639 receptae
1790 2589 1924 2637 sunt,
1941 2586 2075 2629 inter
2093 2587 2381 2641 scripturas

201 2655 373 2697 varias
396 2655 699 2707 afferuntur,
722 2656 810 2698 ubi
831 2667 895 2698 ex
914 2656 974 2698 iis
993 2656 1317 2707 testimoniis,
1342 2668 1461 2709 quae
1482 2667 1577 2710 per
1596 2668 1652 2698 se
1674 2656 1868 2710 aliquid
1887 2658 2066 2699 valere
2084 2657 2378 2710 videantur,

202 2725 317 2767 aliae
345 2738 552 2779 quoque
577 2727 850 2780 scripturae
876 2726 1040 2768 variae
1067 2726 1374 2777 afferuntur,
1397 2727 1643 2781 neglectis
1667 2728 2039 2770 tantummodo
2066 2728 2142 2779 iis,
2166 2741 2285 2782 quae
2313 2730 2381 2771 ad

203 2796 630 2850 orthographiam
651 2799 733 2839 vel
753 2797 1225 2850 interpunctionem
1246 2797 1519 2851 pertinent.
1543 2797 1646 2840 Ubi
1659 2797 1711 2839 in
1726 2809 1789 2840 eo
1805 2798 1936 2841 libro
1956 2798 2095 2852 typis
2115 2800 2198 2841 vel
2217 2812 2380 2842 manu

203 2866 477 2920 descripto,
501 2868 568 2909 ad
589 2868 734 2921 cujus
756 2869 1055 2921 exemplum
1081 2868 1199 2911 haec
1221 2868 1377 2911 editio
1400 2867 1644 2911 confecta
1665 2871 1757 2919 est,
1780 2880 1921 2912 nova
1941 2869 2130 2923 pagina
2149 2869 2378 2924 incipiat,

201 2936 252 2977 in
280 2937 512 2991 margine
537 2938 780 2980 interiore
802 2938 1038 2981 editionis
1067 2938 1354 2981 indicatum
1382 2941 1479 2989 est;
1513 2951 1632 2992 quae
1658 2938 1853 2982 ibidem
1879 2940 2072 2994 saepius
2099 2940 2277 2983 addita
2304 2944 2381 2983 est

202 3010 327 3049 nota
348 3007 400 3062 ·1-,
424 3008 816 3051 annotationem
839 3009 906 3051 ad
926 3009 1065 3051 hunc
1087 3010 1263 3052 locum
1284 3010 1630 3063 pertinentem
1650 3009 1703 3051 in
1722 3009 1827 3052 fine
1846 3010 1978 3053 tomi
1998 3010 2214 3064 reperiri
2233 3011 2381 3065 signi—

203 3077 341 3119 ficat.

260 3148 451 3190 Praeter
481 3150 854 3202 prolegomena
884 3150 1249 3193 annotationes
1278 3150 1558 3205 variasque
1587 3150 1873 3205 scripturas
1904 3151 2160 3194 doctrinae
2189 3151 2381 3195 studio-
