2678 4069
229 134 359 185 VIII
761 127 1236 179 PROLEGOM
1252 127 1430 177 ENA
1456 122 1858 176 EDITORIS

225 274 479 320 verentur,
511 268 685 311 omnia
719 266 842 308 satis
875 265 1136 318 explicare
1167 263 1485 318 Copernicus
1514 261 1695 316 potuit.
1728 261 1829 303 Sed
1857 263 1914 302 ut
1943 263 2108 302 status
2138 272 2316 303 rerum
2346 272 2402 303 se

224 342 395 390 habet,
419 351 538 381 cum
561 337 796 379 celeritas
819 339 1081 377 astrorum
1102 345 1239 376 nunc
1263 337 1530 387 augeatur,
1552 343 1690 374 nunc
1712 331 1993 382 minuatur,
2015 330 2087 372 ita
2107 334 2163 372 ut
2182 342 2289 373 non
2309 343 2402 385 per

225 412 444 454 circulos
465 408 723 462 perfectos
739 407 834 448 iter
847 418 909 448 ea
924 406 1100 447 facere
1116 407 1309 458 pateat,
1326 415 1431 446 non
1447 405 1652 457 poterat
1668 401 1986 455 Copernicus
2007 412 2114 444 non
2133 402 2207 443 uti
2227 402 2402 444 multis

223 480 481 533 epicyclis.
505 478 603 519 Vix
635 480 810 518 autem
838 476 940 517 dici
967 478 1208 528 poterant
1235 476 1460 528 planetae
1489 473 1628 515 circa
1660 473 1836 514 Solem
1863 471 2082 522 moveri,
2113 471 2233 525 quia
2262 472 2402 514 circa

222 550 450 592 medium
473 548 602 590 Solis
624 549 799 589 locum
820 546 928 587 sive
951 548 1189 587 centrum
1211 545 1398 587 orbitae
1418 544 1593 585 Terrae
1608 569 1663 573 —
1681 543 1822 595 quod
1843 542 2018 595 aliquo
2040 542 2209 595 spatio
2232 555 2263 584 a
2284 542 2402 585 Sole

222 620 431 661 distaret
453 644 506 648 ——
528 630 617 659 eos
645 616 845 658 moveri
873 615 1189 668 Copernicus
1217 615 1404 669 ajebat.
1428 615 1557 655 Eam
1583 613 1693 655 fere
1719 614 1890 655 solam
1918 613 1985 654 ob
2015 624 2234 655 causam
2260 616 2402 656 recte

221 689 501 742 simplicius
523 687 623 729 dici
644 690 849 740 poterat
876 698 1074 728 novum
1101 688 1351 738 systema,
1381 685 1501 738 quia
1528 696 1650 736 non,
1678 687 1734 726 ut
1760 686 1910 725 vetus
1937 683 2077 734 illud,
2105 686 2311 726 motum
2331 683 2403 725 ita

221 762 546 801 constantem
566 769 678 800 esse
696 757 994 799 existimare
1011 756 1247 809 cogebat,
1268 759 1323 797 ut
1338 757 1564 809 planeta,
1583 755 1625 796 si
1641 767 1705 797 ex
1721 757 1916 808 puncto
1933 754 2108 807 aliquo
2125 757 2273 796 extra
2289 766 2404 796 cen-

219 833 355 870 trum
375 828 542 882 posito
563 828 965 881 conspiceretur,
986 826 1230 879 aequabili
1251 825 1516 868 celeritate
1537 825 1741 868 moveri
1759 825 2036 867 videretur.
2056 825 2223 877 Atque
2242 824 2402 866 etiam

220 903 274 941 ut
295 901 620 952 planetarum
641 897 923 940 latitudinis
944 897 1254 940 varietatem
1275 897 1596 950 explanaret,
1619 907 1834 938 necesse
1855 899 1969 938 erat
1984 895 2273 949 Copernico
2294 896 2403 938 Pto-

220 970 389 1012 lemaei
416 969 628 1023 vestigia
655 980 907 1022 premere.
932 968 1068 1010 Huic
1094 967 1213 1011 ideo
1242 967 1609 1010 difficillimum
1631 966 1802 1009 fuerat
1822 966 1965 1008 illam
1986 966 2298 1008 varietatem
2319 977 2403 1008 ex-

219 1041 426 1093 plicare,
445 1040 564 1093 quia
580 1039 985 1082 existimandum
1000 1042 1128 1089 erat,
1146 1038 1373 1081 orbitam
1389 1039 1615 1092 planetae
1630 1037 1682 1079 in
1696 1038 1853 1091 plano
1870 1037 2097 1091 positam
2112 1048 2243 1088 esse,
2261 1037 2402 1090 quod

216 1111 430 1153 Terram
445 1114 668 1161 secaret;
692 1111 884 1153 erravit
904 1110 1062 1152 etiam
1080 1109 1640 1163 Copernicus—neque
1661 1111 1840 1150 tamen
1860 1111 2007 1150 tanto
2025 1118 2264 1161 opere—‚
2279 1119 2401 1150 cum

217 1182 318 1223 hoc
340 1183 553 1235 planum
576 1193 680 1224 non
703 1182 895 1232 Solem,
920 1182 1013 1223 sed
1034 1184 1272 1223 centrum
1294 1179 1479 1222 orbitae
1504 1191 1535 1220 a
1554 1179 1714 1221 Terra
1740 1190 2007 1232 percursae
2028 1190 2210 1221 secare
2234 1178 2403 1221 existi-

217 1256 399 1296 maret.
429 1253 610 1305 Itaque
637 1253 970 1294 assumendae
998 1254 1146 1294 erant
1174 1250 1593 1294 constructiones
1620 1249 2053 1303 implicatissimae
2080 1252 2130 1291 et
2157 1261 2188 1291 a
2214 1252 2403 1291 natura

218 1324 575 1374 abhorrentes,
606 1326 657 1366 et
687 1335 806 1376 quae
836 1334 958 1365 cum
985 1323 1174 1373 Terrae,
1206 1333 1313 1365 non
1342 1322 1583 1375 planetae,
1614 1320 2024 1363 circumlationis
2055 1320 2197 1362 circa
2227 1320 2403 1362 Solem

215 1399 452 1448 ternpore
474 1394 769 1448 conjunctae
791 1397 977 1436 essent.
1001 1395 1196 1436 Eadem
1218 1395 1396 1434 autem
1417 1392 1552 1434 ratio
1573 1395 1686 1434 erat
1706 1394 1882 1434 motus
1902 1391 2210 1433 inferiorum
2231 1392 2405 1444 plane-

215 1469 404 1516 tarum,
422 1465 666 1507 Mercurii
682 1476 743 1507 ac
754 1465 984 1516 Veneris,
1004 1476 1107 1518 quo
1129 1464 1330 1506 factum
1351 1466 1443 1515 est,
1459 1466 1515 1505 ut
1528 1463 1687 1505 Terra
1708 1462 1759 1504 in
1780 1473 1920 1504 novo
1942 1464 2231 1515 systemate
2251 1473 2404 1515 paene

217 1537 448 1591 eJusdem
470 1536 723 1578 momenti
745 1539 881 1578 esset
902 1539 1059 1589 atque
1080 1536 1131 1577 in
1151 1538 1342 1578 vetere.

276 1608 455 1660 Itaque
483 1607 815 1660 Copernicus‚
844 1607 940 1649 etsi
966 1618 1060 1660 pro
1089 1606 1220 1648 Solis
1248 1609 1396 1647 motu
1415 1605 1454 1646 T
1457 1616 1590 1647 errae
1618 1607 1824 1647 motum
1852 1603 2207 1654 substituerat,
2229 1603 2405 1645 multis

216 1681 395 1720 tamen
415 1677 542 1720 locis
563 1678 798 1720 nondum
820 1681 1119 1720 excesserat
1139 1676 1327 1718 limites
1348 1675 1449 1718 aevi
1471 1674 1684 1728 antiqui,
1702 1675 1837 1717 sicut
1857 1674 2017 1716 etiam
2038 1676 2274 1727 systema
2295 1674 2406 1729 eJ‘us

221 1760 325 1791 non
354 1749 525 1790 minus
553 1761 712 1802 quam
739 1749 1114 1791 Ptolemaicum
1134 1748 1538 1789 instrumentum
1558 1749 1764 1788 tantum
1786 1749 1898 1788 erat
1918 1745 2302 1799 supputationis
2322 1757 2406 1787 ne-

223 1831 321 1872 que
349 1821 622 1862 ostendere
648 1823 855 1873 poterat
881 1820 1077 1862 orbitas
1103 1831 1159 1861 re
1186 1830 1312 1861 vera
1333 1831 1364 1860 a
1384 1817 1604 1872 planetis
1631 1820 1890 1871 peractas.
1915 1817 2068 1859 Recte
2095 1816 2247 1870 igitur
2268 1816 2406 1858 KEP-

224 1890 474 1932 LERUS¹:
502 1891 870 1944 »Copernicus«
894 1891 1058 1944 inquit
1082 1890 1407 1932 »divitiarum
1432 1900 1650 1931 suarum
1676 1888 1787 1942 ipse
1813 1887 2039 1942 ignarus,
2060 1888 2402 1930 Ptolemaeum

222 1960 317 2002 sibi
350 1961 748 2014 exprimendum
782 1961 995 2004 omnino
1029 1960 1266 2014 sumpsit,
1297 1972 1402 2003 non
1435 1971 1612 2001 rerum
1642 1962 1904 2009 naturam,
1936 1959 2004 2000 ad
2034 1971 2195 2012 quam
2223 1961 2404 2001 tamen

223 2032 457 2074 omnium
484 2032 722 2085 proxime
749 2035 1088 2075 accesserat.«
1113 2032 1210 2073 Via
1238 2044 1268 2073 a
1297 2031 1585 2084 Copernico
1613 2032 1907 2072 monstrata
1927 2029 2142 2072 ulterius
2162 2030 2406 2084 progredi

222 2114 326 2144 non
352 2102 556 2153 licebat,
579 2104 670 2145 sed
698 2104 966 2156 quomodo
993 2103 1469 2145 Alexandrinorum
1495 2101 1627 2143 fines
1654 2101 1829 2155 egredi
1855 2103 2069 2154 possent
2096 2100 2403 2152 astronomi,

216 2173 326 2227 jam
360 2185 550 2227 magno
585 2185 742 2227 opere
776 2174 1126 2227 quaerebatur.
1161 2172 1473 2215 Monstravit
1507 2172 1719 2225 quidem
1751 2175 1954 2214 rectam
1987 2171 2130 2213 viam
2163 2171 2402 2214 PETRUS

223 2244 466 2294 RAMUS,
483 2244 823 2298 philosophus
845 2245 1226 2298 Francogallus,
1243 2244 1374 2286 libro
1391 2256 1436 2286 a.
1456 2242 1566 2285 1569
1580 2243 1631 2284 in
1652 2243 1825 2285 lucem
1847 2242 2055 2285 emisso.
2075 2242 2173 2285 Hic
2195 2245 2405 2285 conten-

223 2314 309 2364 dit,
327 2314 543 2356 Graecos
565 2318 721 2368 atque
737 2316 1084 2369 Copernicum
1106 2314 1486 2369 hypothesibus
1502 2316 1552 2355 et
1567 2313 1898 2367 opinionibus
1913 2313 2249 2367 praesumptis
2264 2314 2403 2355 male

222 2384 372 2426 nixos
398 2396 526 2436 esse,
556 2398 676 2428 cum
704 2387 874 2440 potius
902 2386 1357 2429 observationibus
1384 2384 1725 2439 diligentibus,
1754 2384 1922 2438 logica
1949 2387 2000 2426 et
2025 2384 2404 2427 mathematica

223 2455 423 2497 ratione
450 2456 707 2507 adhibitis,
734 2457 808 2498 uti
834 2457 1147 2499 debuissent.
1176 2457 1278 2498 Sed
1306 2456 1576 2510 quomodo
1603 2455 1707 2498 hoc
1732 2455 2036 2497 faciendum
2067 2457 2218 2506 esset,
2246 2466 2403 2497 nemo

223 2526 394 2568 adhuc
423 2527 563 2568 clare
590 2528 915 2581 perspexisse
936 2528 1232 2578 videbatur;
1258 2538 1583 2581 quamquam
1605 2525 2013 2568 existimandum
2034 2528 2163 2577 erat,
2186 2536 2293 2576 eos,
2317 2525 2404 2579 qui

222 2595 457 2649 Syntaxi
479 2598 744 2641 Ptolemaei
772 2610 991 2652 operam
1019 2598 1296 2649 dedissent,
1319 2609 1425 2640 non
1451 2597 1684 2650 potuisse
1710 2608 1816 2639 non
1836 2597 2147 2650 intellegere,
2170 2599 2406 2638 astrono-

220 2679 336 2709 mos
356 2668 735 2712 Alexandrinos
762 2671 953 2712 multas
975 2681 1067 2723 per
1087 2669 1285 2722 aliquot
1305 2668 1503 2710 saecula
1526 2667 1922 2710 observationes
1942 2666 2146 2718 fecisse,
2167 2667 2278 2709 sine
2300 2667 2405 2720 qui-

220 2738 315 2780 bus
336 2751 442 2781 non
462 2740 751 2793 potuissent
769 2743 975 2782 tantum
997 2740 1225 2791 efficere,
1248 2742 1503 2793 quantum
1526 2739 1756 2781 continet
1776 2738 1901 2779 illud
1924 2749 2071 2791 opus,
2095 2738 2237 2790 quod
2255 2740 2402 2780 tanto

221 2821 377 2862 opere
400 2810 554 2852 distat
575 2823 605 2852 a
620 2811 966 2854 vetustiorum
987 2810 1425 2864 philosophorum
1447 2810 1511 2851 de
1532 2808 1897 2862 phaenomenis
1913 2807 2210 2850 caelestibus
2225 2808 2402 2850 animo

219 2880 328 2922 fere
349 2882 462 2923 solo
484 2882 790 2935 excogitatis
818 2882 1164 2935 opinionibus,
1187 2881 1229 2923 si
1249 2892 1412 2922 unum
1435 2880 1665 2934 excipias
1685 2882 1921 2932 systema
1942 2879 2066 2920 illud
2090 2878 2404 2921 »concentri-

221 2962 367 2992 cum«
393 2952 458 2994 ab
487 2952 768 2994 EUDOXO
797 2956 848 2994 et
875 2951 1190 2994 CALLIPPO
1220 2951 1554 3004 explicatum,
1578 2951 1720 3004 quod
1742 2948 2198 2993 observationibus
2221 2949 2403 2991 nixum

222 3033 334 3063 esse
354 3022 572 3064 videtur.

281 3093 424 3146 Opus
451 3097 563 3135 erat
590 3097 913 3144 astronomo,
937 3093 1023 3146 qui
1049 3092 1145 3135 sibi
1172 3094 1490 3146 proponeret
1517 3091 1694 3134 omnia
1717 3102 1780 3132 ex
1802 3090 2055 3144 principio
2083 3089 2403 3144 perscrutari

281 3183 291 3205 l
315 3180 377 3213 De
397 3179 578 3213 motibus
598 3179 734 3212 steIIae
756 3178 905 3212 Martis
926 3187 1012 3220 cap.
1029 3177 1120 3210 XIV
1142 3175 1232 3220 (Op.
1250 3176 1306 3209 111
1328 3186 1365 3219 p.
1381 3175 1478 3216 234).
