2678 4069
213 101 281 153 48
942 89 1052 142 DE
1080 87 1320 140 NOVA
1348 85 1664 140 STELLA

1362 228 1497 279 Sex:
1579 226 1710 277 Par:
1819 224 1904 276 M.
2046 223 2099 275 S.

490 303 809 355 Anomalia
830 304 869 362 (ζ
894 307 1129 364 aequata
1408 299 1440 350 3
1616 297 1672 348 51
1829 295 1885 346 41
2041 295 2114 346 31.

491 389 775 440 προσταφ.
801 373 837 423 1.
860 370 1115 435 Epicycli
1136 370 1342 421 adden.
1640 368 1673 417 4
1852 367 1885 417 4
2029 365 2114 417 54.

490 445 751 496 Excessus
770 442 1015 506 sequens
1639 438 1672 488 2
1817 437 1885 489 25
2030 436 2114 487 43.

489 516 628 567 Pars
648 512 1101 579 proportionalis
1865 509 1885 558 l
2066 506 2114 558 8.
2450 517 2471 550 5

491 601 775 651 προσταφ.
798 585 834 635 1.
857 583 1112 648 Epicycli
1133 582 1305 634 absol.
1329 582 1459 633 add.
1639 580 1671 630 4
1853 578 1885 629 6
2064 577 2113 628 2.
2137 573 2157 644 ΙΙ
2417 584 2525 628 1-13Γ

490 657 785 708 Distantia
806 657 845 716 ζ(
870 671 906 706 a
925 654 1083 718 fimp.
1111 656 1169 714 Θ
1407 652 1440 703 2
1603 651 1672 703 59
1817 650 1886 701 37
2042 649 2115 699 21.

490 728 783 779 Distantia
804 728 842 787 (ζ
867 742 903 777 a
923 728 1113 789 prima
1130 732 1192 777 V
1410 724 1444 774 Ο
1605 721 1674 774 58
1818 721 1886 772 39
2031 720 2116 771 54.

837 845 959 896 Pro
982 857 1132 896 vero
1150 844 1320 894 motu
1336 837 1773 908 praecessioniS.

1364 936 1498 988 Sex:
1580 935 1711 986 Par:
1815 933 1900 984 M.
2049 933 2102 984 S.
2457 942 2498 976 10

491 1010 749 1075 Simplex
769 1010 1011 1074 praecess.
1410 1007 1444 1058 Ο
1605 1006 1673 1057 27
1819 1004 1887 1056 29
2032 1003 2116 1054 22.

489 1081 810 1133 Anomalia
830 1081 1072 1144 praecess.
1096 1079 1252 1143 dupl.
1411 1079 1443 1129 5
1607 1077 1674 1128 43
1820 1075 1888 1126 22
2068 1075 2117 1126 7.

490 1152 657 1204 Prost.
680 1152 921 1216 praecess.
945 1151 1075 1202 add.
1411 1149 1444 1200 Ο
1642 1148 1676 1199 O
1820 1147 1889 1197 20
2034 1146 2117 1197 25.

753 1270 914 1322 Vera
930 1267 1245 1335 praecessio
1264 1263 1649 1334 AEquinodhj
1671 1264 1863 1318 verni.

1365 1362 1498 1414 Sex:
1581 1362 1711 1413 Par:
1818 1360 1903 1411 M.
2051 1360 2104 1412 S.
2459 1370 2499 1403 15

1413 1434 1447 1485 Ο
1609 1433 1676 1484 27
1822 1432 1890 1483 49
2035 1431 2119 1482 47.

742 1554 888 1607 Veri
906 1556 1114 1606 motus
1139 1556 1196 1613 Θ
1224 1552 1340 1614 ἂν(
1367 1552 1444 1603 ab
1458 1548 1870 1617 AEquinocffio

1367 1647 1501 1699 Sex:
1584 1646 1714 1698 Par:
1818 1645 1902 1696 M.
2051 1644 2105 1695 S.

494 1722 683 1772 Locus
703 1723 760 1781 Θ
1413 1720 1445 1769 4
1609 1718 1677 1769 26
1822 1717 1890 1768 29
2085 1717 2119 1766 l.
2533 1753 2536 1755 -

494 1793 683 1843 Locus
711 1794 750 1853 ς(
1426 1791 1445 1840 1
1609 1789 1678 1840 26
1823 1789 1891 1840 29
2048 1787 2120 1837 41.
2457 1797 2502 1830 20

282 1889 561 1951 Praeterijt
592 1890 788 1950 itaque
822 1886 991 1937 Luna
1018 1885 1168 1937 Solis
1195 1884 1522 1948 Oppofitum
1549 1884 1602 1936 S.
1625 1884 1709 1944 40,
1738 1899 1873 1947 quae
1902 1882 2213 1946 duplicata,
2247 1881 2404 1933 aufe-

213 1960 394 2010 renda
419 1958 546 2009 sunt
572 1974 608 2009 a
633 1965 893 2021 tempore
921 1972 1076 2008 verae
1103 1953 1161 2022 00
1193 1957 1605 2007 Luminarium
1631 1958 1792 2018 prius
1819 1957 2080 2013 inuent0‚
2108 1960 2166 2004 vt
2194 1953 2406 2005 euadat

214 2029 558 2093 exquisitum
578 2036 807 2092 tempus
829 2028 1218 2092 oppofitionis.

446 2148 711 2212 Tempus
732 2144 1088 2212 exquisitum
1113 2159 1283 2197 verae
1307 2142 1713 2211 Oppositionis
1734 2143 2180 2196 Luminarium.

1072 2239 1540 2292 DECEMBRIS.
2455 2248 2500 2282 2⁵

825 2312 938 2362 Die
1081 2312 1252 2362 Hora
1340 2311 1554 2362 Minut.
1620 2311 1871 2362 Secund:

867 2383 900 2434 7
1132 2382 1201 2433 20
1422 2383 1477 2434 19
1699 2382 1782 2433 28.

441 2455 573 2505 Post
592 2455 849 2505 mediam
869 2452 1099 2505 noetem
1119 2456 1180 2503 in
1201 2453 1538 2504 Meridiano
1560 2453 1908 2517 Monteregij
1934 2452 2177 2503 Prussiae.

285 2526 440 2577 Loca
460 2533 658 2577 autem
679 2525 1088 2576 Luminarium
1110 2524 1420 2575 emendata
1440 2524 1514 2575 ad
1535 2524 1647 2574 hoc
1667 2531 1914 2587 tempu&
1936 2523 2063 2574 sunt
2083 2522 2245 2574 talia:

1364 2619 1504 2670 Gra.
1604 2618 1689 2669 M.
1838 2618 1891 2669 S.
2455 2627 2500 2662 30

707 2692 896 2742 Locus
917 2693 973 2750 Θ
993 2693 1055 2741 in
1075 2690 1202 2754 Sag.
1396 2690 1464 2740 26
1608 2689 1677 2740 28
1821 2689 1905 2740 58.

707 2763 897 2813 Locus
925 2764 964 2823 ζ(
994 2764 1056 2812 in
1078 2761 1248 2813 Gem.
1395 2760 1464 2811 26
1608 2760 1676 2811 28
1821 2760 1905 2811 58.

283 2858 476 2920 Atque
503 2856 632 2908 haec
659 2859 860 2908 omnia
886 2859 1050 2907 iuxta
1075 2863 1304 2920 tempus
1332 2855 1561 2918 aequale
1590 2854 1641 2905 δι
1667 2854 2155 2914 Astronomicum‚
2184 2854 2342 2918 quod
2369 2869 2405 2905 a

212 2943 351 2978 vero
373 2927 424 2977 &
444 2931 748 2992 apparenti
774 2927 1047 2979 nonnihil
1073 2926 1278 2978 differt.
1313 2927 1386 2977 Vt
1413 2929 1583 2990 igitur
1608 2933 1838 2990 tempus
1864 2925 1976 2976 hoc
2003 2925 2278 2977 reddatur
2304 2940 2402 2989 ap-

212 3014 439 3062 parenS‚
462 2999 698 3050 confero
719 3006 913 3050 motus
935 2998 1278 3062 compofitos
1301 2997 1583 3061 simplices
1599 2997 1765 3056 Solis,
1784 2996 1834 3047 &
1849 2996 2206 3047 aseenfiones
2221 2995 2403 3048 redtas
2453 3006 2498 3041 35

212 3072 334 3119 veri
354 3069 466 3120 loci
488 3072 567 3130 Θ,
591 3086 724 3134 quae
745 3070 882 3121 huic
902 3072 1151 3133 tempori
1172 3068 1481 3132 Plenilunij
1506 3068 1874 3132 respondent,
1898 3083 2032 3118 cum
2053 3070 2122 3131 ijs
2145 3069 2246 3131 qui
2268 3082 2401 3131 epo-

215 3139 306 3190 chi
326 3143 644 3192 natiuitatis
666 3141 884 3192 Christi
906 3140 1317 3204 congruebant,
1339 3140 1514 3203 idque
1536 3139 1648 3189 hoc
1668 3137 1852 3202 paeto,
1876 3134 1897 3206 Η

2002 3209 2402 3261 Commutatio
