2678 4069
480 247 1060 299 HOROSCOPUS
1089 248 1509 299 PRINCIPIS
1537 246 2048 298 CHRISTIANI
2270 244 2359 296 185

96 400 122 440 7
175 392 297 451 DE
320 391 1009 451 ASTRONOMICA
1036 392 1469 451 MOTUUM
1497 390 2204 450 SUPPUTATIONE
2228 389 2358 447 AD

537 481 856 533 TEMPUS
877 482 1129 543 HUJUS
1152 482 1520 533 INCLYTAE
1544 481 1994 532 GENITURAE.

295 587 560 639 EMPUS
579 587 842 638 oblatum
856 603 958 651 per
974 587 1435 638 observationem
1451 585 1686 638 correeli
1702 587 2013 650 Horologii
2028 586 2361 637 aestimative

294 659 562 718 sumtum,
594 661 708 721 qvo
738 657 832 708 hic
861 658 1114 722 Inclytus
1141 658 1332 708 Natus
1362 661 1617 721 primum
1644 660 1705 707 in
1732 656 1886 707 hanc
1915 657 2107 707 lucem
2134 657 2360 720 prodiit,

102 743 122 776 5
172 731 279 782 fuit
299 731 479 780 Anno
508 729 690 780 CHR.
714 730 841 780 1577
862 729 1081 792 Aprilis
1109 729 1200 779 die
1231 729 1286 778 12
1316 728 1477 778 horis
1504 744 1539 779 a
1565 728 1805 778 meridie
1834 727 2037 790 elapsis
2063 728 2094 777 4
2124 743 2258 777 cum
2284 727 2361 777 se-

173 802 342 859 misse,
370 802 541 864 idqve
569 800 612 850 F
615 799 1062 863 riderichsburgi
1084 799 1315 858 Damae,
1345 800 1443 849 ubi
1472 799 1646 848 Polus
1674 798 1933 848 elevatur
1959 798 2218 860 partibus
2245 797 2362 848 fere

96 883 123 925 †
173 872 242 924 56
268 871 320 922 8(
345 872 497 935 long.
519 870 554 922 b
577 871 644 922 35
668 870 741 922 G.
763 870 858 920 Ad
879 870 991 920 hoc
1012 877 1240 933 tempus
1268 869 1397 919 loca
1423 869 1779 932 fingulorum
1800 869 2174 919 Planetarum
2197 870 2363 931 juxta

172 943 489 1007 processum
520 941 727 992 calculi
755 941 1045 991 Prutenici
1075 943 1332 1003 primurn
1362 940 1664 1003 assignab0‚
1697 955 1766 989 eo
1797 940 1949 1002 qvod
1977 942 2024 988 is
2053 938 2364 1002 Copernici

173 1021 444 1064 motuum
465 1012 804 1063 restitutioni
825 1014 1097 1070 inuitem,
1120 1011 1309 1061 nostra
1324 1018 1493 1060 aetate
1509 1010 1570 1060 fit
1586 1008 1961 1060 exafiissimus
1976 1025 2097 1072 prae
2114 1012 2363 1065 coeteris;

83 1096 124 1130 10
174 1085 383 1135 deinde
405 1083 780 1147 Alphonsina
807 1082 1182 1133 Planetarum
1209 1082 1339 1132 loca
1368 1081 1732 1144 subjungam;
1765 1087 1818 1130 et
1848 1086 2141 1143 postremo
2172 1083 2363 1138 etiam,

169 1157 337 1219 juxta
358 1157 656 1218 propriam
678 1153 1141 1205 observationem
1161 1151 1372 1202 fadiam
1393 1149 1658 1201 nodlibus
1674 1151 1891 1213 aliqvot
1906 1150 2365 1213 praecedentibus

176 1226 226 1276 &
247 1226 629 1289 seqventibuS,
653 1225 810 1275 Loca
830 1224 1049 1287 aliqvot
1071 1223 1448 1273 Planetarum
1470 1221 1810 1272 emendabo,
1834 1216 1854 1288 ΙΙ

95 1377 122 1419 8
175 1370 631 1443 SEQVITUR
661 1368 1204 1429 DESCRIPTIO
1231 1366 1638 1427 CALCULI
1671 1365 2134 1424 LOCORUM
2165 1365 2363 1423 PLA-

583 1460 983 1512 NETARUM
1006 1459 1110 1510 EX
1130 1457 1465 1509 TABULIS
1487 1456 1965 1508 PRUTENICIS.

84 1580 123 1613 15
299 1567 564 1619 EMPUS
604 1567 976 1631 completum,
1017 1563 1320 1616 redufium
1360 1564 1411 1614 &
1451 1570 1747 1626 aeqvatum
1786 1562 1857 1612 est
1898 1577 2191 1612 annorum
2224 1561 2365 1612 1576.

298 1638 483 1690 Mens.
507 1639 683 1690 Mart.
707 1638 957 1688 Dierum
978 1638 1038 1687 11.
1061 1636 1345 1687 horarum
1367 1636 1437 1686 17.

601 1757 723 1808 Pro
746 1770 896 1808 vero
916 1756 1090 1806 Motu
1112 1750 1534 1816 Praecessionis
1550 1747 1945 1816 AEqVinocftii.

1461 1834 1546 1868 Sex.
1679 1844 1715 1876 p.
2119 1832 2143 1847 ‘⁴

389 1898 650 1962 Simplex
670 1898 1052 1962 praecessionis
1489 1894 1523 1944 0
1666 1893 1734 1944 27
1878 1892 1946 1942 32
2104 1891 2160 1941 10

80 1981 125 2015 20
388 1969 713 2021 Anomalia
732 1968 972 2032 fimplex
1490 1965 1522 2015 2
1667 1964 1735 2015 52
1914 1963 1947 2012 2
2127 1961 2159 2011 6

388 2040 711 2092 Anomalia
732 2039 1027 2104 duplicata
1490 2036 1522 2087 5
1667 2035 1734 2084 44
1915 2034 1947 2083 4
2105 2032 2160 2081 12

390 2112 688 2178 Προσταφ.
710 2111 1092 2175 praecessionis
1475 2108 1546 2157 A.
1674 2132 1733 2140 —
1893 2104 1948 2154 19
2092 2103 2161 2153 36

389 2183 545 2234 Vera
566 2183 858 2234 Praecessio
1489 2178 1523 2228 Ο
1667 2177 1735 2227 27
1892 2175 1947 2225 51
2093 2173 2161 2223 46

979 2299 1101 2350 Pro
1126 2312 1276 2349 Vero
1296 2297 1470 2348 Motu
1497 2297 1576 2355 Θ.

83 2384 127 2417 25
1464 2377 1549 2411 Sex.
1688 2386 1725 2419 p.
1919 2375 1929 2391 ¹
2116 2373 2141 2389 “

391 2443 651 2507 Simplex
672 2441 975 2506 longitudo
997 2440 1147 2492 Solis
1491 2438 1524 2488 0
1704 2436 1736 2485 2
1894 2434 1950 2484 19
2093 2432 2162 2483 58

390 2513 714 2566 Anomalia
734 2512 885 2564 Solis
1490 2508 1522 2558 4
1667 2507 1737 2558 50
1893 2505 1948 2555 17
2105 2503 2161 2553 21

390 2584 713 2637 Anomalia
734 2582 993 2647 Simplex
1492 2579 1524 2629 2
1669 2577 1738 2629 52
1918 2575 1951 2625 2
2130 2573 2163 2624 6

394 2656 692 2722 Προσταφ.
715 2657 895 2706 centri
1452 2650 1563 2700 Ad.
1716 2648 1736 2698 1
1894 2647 1950 2697 10
2107 2645 2162 2695 15

84 2738 130 2772 30
393 2726 682 2791 Scrupula
701 2731 955 2790 proport.
1492 2721 1526 2771 0
1706 2719 1739 2769 O
1918 2718 1952 2767 0
2095 2715 2164 2765 20

391 2797 715 2849 Anomalia
735 2802 967 2859 aeqvata
1492 2791 1525 2841 4
1682 2790 1738 2840 51
1883 2788 1951 2838 27
2095 2785 2164 2836 36
2185 2779 2204 2850 ΙΙ

103 2878 130 2920 9
395 2869 692 2935 Προσταφ.
716 2867 871 2918 orbis
1455 2861 1566 2912 Ad.
1719 2861 1739 2909 1
1895 2858 1951 2908 41
2096 2856 2163 2906 45

393 2940 656 2991 Excessus
675 2938 917 3002 [eqvens
1706 2931 1740 2981 Ο
1882 2928 1951 2979 29
2095 2926 2163 2977 35

394 3011 532 3062 Pars
553 3007 1007 3074 proportionalis
2109 2997 2165 3046 10

86 3092 131 3125 35
396 3081 693 3146 Προσταφ.
716 3079 979 3131 absoluta
1477 3074 1549 3123 A.
1720 3072 1739 3121 l
1896 3069 1952 3119 41
2096 3068 2163 3118 55

395 3151 681 3202 Distantia
706 3153 764 3210 G)
791 3166 826 3201 a
847 3151 894 3200 1a
916 3147 1093 3200 Stella
1117 3155 1179 3202 V
1492 3145 1526 3194 Ο
1705 3142 1738 3191 4
1930 3140 1950 3189 l
2095 3137 2162 3188 53

395 3222 681 3273 Distantia
705 3224 763 3281 Θ
790 3221 862 3271 ab
884 3216 1256 3282 AEqvinodfio
1495 3215 1529 3264 0
1684 3213 1740 3263 31
1884 3210 1951 3261 53
2095 3207 2163 3257 39

393 3294 582 3344 Verus
605 3292 795 3342 Locus
817 3290 968 3342 Solis
1486 3287 1540 3343 ὅ
1721 3284 1740 3332 1
1884 3280 1951 3331 53
2096 3278 2163 3327 39

324 3375 368 3408 24
1858 3357 1862 3359 “
2264 3345 2372 3394 Pro
