2678 4069
747 336 1417 392 PROLEGOMENA
1446 342 1845 397 EDITORIS
2132 346 2387 399 XXXIX

257 473 410 523 Quod
438 473 668 526 opinioni
694 475 909 528 vulgari,
940 479 1108 517 totam
1136 478 1403 530 sphaeram
1432 482 1698 524 caelestem
1725 483 1781 524 24
1807 484 1950 526 horis
1977 486 2191 534 revolvi,
2220 486 2267 536 ii,
2300 487 2386 539 qui

195 544 411 586 Terram
432 544 633 586 revolvi
654 545 956 596 credebant,
980 558 1189 600 semper
1205 548 1514 602 obiciebant,
1538 554 1806 595 stellarum
1822 555 2156 597 velocitatem
2173 561 2386 610 propter

195 615 512 657 immensam
543 626 728 657 earum
759 615 1061 658 distantiam
1091 621 1294 660 tantam
1325 631 1438 662 esse
1470 627 1727 675 oportere,
1759 629 1814 665 ut
1843 637 1907 667 ne
1935 626 2149 679 cogitari
2175 627 2384 679 quidem

195 688 387 738 posset,
415 685 596 738 Tycho
624 686 820 739 respuit
848 690 1004 739 atque
1031 687 1169 729 hanc
1197 689 1366 741 ipsam
1387 693 1720 735 velocitatem
1743 695 1837 736 Dei
1862 697 2149 748 potentiam
2171 709 2233 739 ac
2255 698 2385 750 sapi-

195 756 391 797 entiam
404 757 586 798 testari
601 756 905 807 arbitratur;
923 757 1157 810 pluribus
1174 763 1350 801 autem
1366 762 1539 804 verbis
1554 765 1726 815 utitur,
1743 770 1798 806 ut
1814 766 2102 808 aetheream
2119 768 2383 821 regionem

193 826 398 868 moveri
416 827 738 880 Terramque
759 827 1029 880 quiescere
1050 832 1254 871 naturae
1277 833 1557 875 convenire
1579 835 1915 885 demonstret,
1940 838 2187 889 quoniam
2209 842 2383 880 motus

194 897 352 950 quieti
372 901 601 951 praestet.
627 897 759 941 Haec
782 898 916 940 ratio
932 909 1147 952 prorsus
1162 900 1492 943 Aristotelica
1509 908 1599 946 est.
1624 906 1790 958 Atque
1806 907 1907 948 hoc
1925 908 2133 959 quidem
2150 909 2382 950 dandum

194 972 287 1019 est,
319 969 571 1021 quamdiu
602 970 887 1023 parallaxis
916 969 1050 1011 Solis
1078 969 1144 1019 3¹,
1177 970 1399 1023 ideoque
1429 973 1672 1016 distantia
1703 977 1811 1030 ejus
1838 978 1924 1018 vix
1954 978 2205 1020 vicesima
2235 984 2382 1032 parte

193 1039 319 1094 ejus,
354 1051 474 1092 quae
507 1051 563 1082 re
596 1051 723 1081 vera
753 1043 846 1091 est,
879 1041 1246 1091 aestimaretur,
1280 1043 1449 1094 spatia
1478 1045 1704 1087 universi
1734 1059 1838 1088 non
1868 1048 2020 1089 nimis
2050 1061 2239 1102 magna
2270 1050 2382 1091 visa

193 1121 324 1161 esse,
353 1110 424 1152 ita
450 1113 506 1151 ut
535 1110 623 1152 illa
643 1111 898 1153 velocitas
925 1122 1031 1153 non
1059 1111 1350 1153 admodum
1378 1116 1606 1156 enormis
1634 1116 1826 1158 fuisset.
1857 1118 1990 1160 Bene
2018 1119 2139 1160 dicit
2161 1120 2383 1173 scriptor

193 1181 408 1234 quidam
436 1181 671 1235 ejusdem
693 1182 904 1231 aetatis¹,
932 1182 975 1224 si
995 1182 1329 1235 Copernicus,
1359 1184 1548 1236 quique
1570 1197 1689 1227 eum
1712 1192 2065 1240 sequerentur,
2094 1191 2292 1231 nullum
2314 1191 2383 1231 vi-

192 1251 389 1293 dissent
414 1264 672 1305 umquam
700 1256 907 1294 motum
928 1253 1250 1295 velociorem
1280 1254 1390 1296 avis
1418 1256 1612 1306 volatu,
1643 1257 1874 1299 futurum
1899 1259 2070 1309 fuisse,
2099 1264 2155 1301 ut
2181 1261 2381 1314 sagittae

193 1326 282 1364 aut
308 1323 429 1376 pilae
454 1323 817 1366 tormentariae
838 1323 1092 1366 velocitas
1119 1335 1271 1376 aeque
1297 1324 1610 1368 incredibilis
1631 1328 1894 1370 videretur
1916 1341 1976 1371 ac
1998 1331 2265 1372 stellarum
2292 1331 2382 1372 fix-

193 1405 346 1435 arum
366 1394 636 1437 velocitas.

251 1465 433 1518 Itaque
463 1476 586 1507 cum
615 1465 735 1516 hoc,
767 1466 909 1518 quod
939 1469 1126 1508 contra
1156 1466 1273 1508 caeli
1303 1467 1684 1509 revolutionem
1714 1469 2047 1521 afferebatur,
2078 1471 2382 1523 Tychonem

191 1547 297 1578 non
317 1539 573 1586 moveret,
602 1539 789 1579 contra
808 1536 983 1579 Terrae
1007 1549 1241 1578 annuum
1262 1540 1468 1579 motum
1488 1538 1598 1591 ipse
1626 1539 1839 1591 primus,
1868 1543 1923 1581 ut
1944 1541 2161 1591 videtur,
2191 1542 2382 1594 aliquid

192 1607 376 1657 attulit,
400 1607 484 1649 cui
504 1607 672 1649 resisti
691 1618 798 1649 non
819 1618 975 1661 posse
997 1607 1043 1650 ei
1057 1608 1349 1650 videbatur.
1372 1609 1669 1661 Antequam
1684 1609 1894 1652 inventa
1908 1612 2192 1665 telescopia
2207 1613 2382 1654 stellas

190 1677 325 1720 fixas
346 1689 452 1720 non
472 1678 606 1720 sicut
627 1678 865 1732 planetas
887 1679 1112 1730 orbium,
1142 1679 1234 1721 sed
1261 1682 1579 1732 punctorum
1602 1683 1806 1722 tantum
1829 1681 2131 1734 fulgentium
2154 1683 2381 1735 speciem

190 1749 430 1802 praebere
457 1749 775 1800 ostenderat,
804 1749 1047 1791 diametri
1074 1761 1258 1791 earum
1285 1753 1598 1803 apparentes
1620 1750 1837 1792 nimium
1859 1753 2033 1805 magni
2054 1753 2382 1795 aestimaban-

188 1823 287 1861 tur.
315 1819 513 1873 Tycho,
546 1820 633 1874 qui
661 1821 713 1862 in
739 1820 841 1863 hac
869 1832 925 1863 re
952 1821 1124 1863 minus
1152 1833 1313 1874 quam
1341 1821 1388 1871 ii,
1421 1821 1508 1874 qui
1536 1824 1655 1863 ante
1681 1821 1853 1874 ipsum
1880 1823 2132 1873 vixerant,
2164 1824 2382 1865 modum

190 1891 496 1942 excedebat,
519 1891 593 1934 sic
615 1891 917 1934 aestimabat
934 1892 1243 1934 diametros:
1268 1892 1454 1945 primae
1470 1892 1837 1946 magnitudinis
1857 1893 1988 1944 1200,
2011 1894 2258 1935 secundae
2273 1893 2380 1945 90¹¹,

188 1961 358 2004 tertiae
378 1961 487 2014 65¹⁴,
517 1966 721 2016 quartae
742 1961 851 2013 45⁴⁴,
881 1962 1077 2015 quintae
1097 1961 1206 2013 30¹⁴,
1228 1966 1393 2005 sextae
1414 1963 1522 2005 20¹¹.
1553 1963 1604 2004 Si
1624 1963 1774 2017 igitur
1794 1964 1958 2006 stellae
1981 1964 2195 2018 alicujus
2215 1964 2381 2007 tertiae

188 2033 559 2087 magnitudinis
588 2033 873 2087 parallaxis
905 2045 1080 2075 annua
1115 2033 1157 2074 1¹
1188 2037 1323 2076 esset
1352 2034 1630 2089 (majorem
1660 2045 1788 2076 vero
1819 2046 1932 2076 esse
1963 2046 2067 2077 non
2097 2046 2265 2088 posse,
2298 2036 2383 2077 ob-

188 2104 514 2147 servationes
545 2105 655 2159 ejus
685 2104 1156 2158 demonstrabant),
1190 2116 1376 2147 verum
1409 2106 1575 2147 stellae
1606 2105 1922 2147 diametrum
1953 2117 2103 2158 aeque
2133 2118 2381 2159 magnum

189 2186 304 2217 esse
325 2178 570 2229 oportere
592 2178 748 2228 atque
770 2186 962 2217 annuae
982 2175 1158 2217 Terrae
1180 2175 1322 2218 circa
1344 2176 1521 2218 Solem
1543 2176 1730 2218 orbitae
1751 2175 2089 2225 diametrum;
2121 2177 2382 2218 maximas

187 2257 316 2288 vero
345 2247 523 2289 stellas
553 2258 715 2299 quam
744 2246 977 2300 ingentes
1006 2246 1078 2288 ita
1108 2246 1253 2288 esse?
1282 2247 1361 2288 sin
1388 2258 1515 2289 vero
1550 2246 1708 2289 etiam
1739 2246 1911 2289 minor
1937 2250 2073 2289 esset
2101 2247 2382 2300 parallaxis

189 2329 380 2369 annua,
404 2330 565 2371 quam
586 2317 848 2359 immanes
867 2316 966 2359 has
987 2317 1130 2359 esse?
1151 2317 1374 2359 Vastum
1397 2321 1575 2360 autem
1596 2317 1841 2371 spatium,
1866 2318 2006 2371 quod
2026 2318 2162 2359 ultra
2177 2317 2383 2359 Saturni

189 2388 418 2431 orbitam
440 2391 592 2439 esset,
614 2400 743 2430 num
764 2388 959 2430 frustra
979 2388 1205 2430 vacare?

248 2458 380 2502 Haec
403 2459 763 2513 compluribus
781 2458 1012 2512 epistulis
1028 2459 1095 2500 ad
1111 2459 1502 2501 Rothmannum
1519 2459 1653 2501 datis
1670 2459 1957 2512 Copernico
1972 2458 2151 2512 Tycho
2169 2459 2250 2513 obj
2258 2459 2377 2508 ecit;

186 2529 256 2571 illi
276 2541 403 2572 vero
432 2542 538 2572 non
563 2529 837 2583 persuasit.
867 2529 1206 2582 Quamquam
1232 2529 1384 2583 igitur
1403 2530 1584 2583 Tycho
1613 2529 1852 2571 dubitare
1878 2541 1983 2572 non
2009 2533 2229 2583 poterat,
2259 2529 2379 2582 quin

185 2599 238 2642 in
253 2604 434 2643 centro
450 2601 632 2642 mundi
645 2600 806 2642 Terra
822 2600 1128 2653 quiesceret,
1150 2600 1202 2642 in
1216 2601 1534 2643 Ptolemaico
1549 2604 1729 2642 tamen
1743 2603 2030 2653 systemate
2046 2600 2379 2653 acquiescere

187 2682 293 2713 non
313 2675 536 2725 poterat,
565 2672 712 2726 cujus
733 2671 808 2713 rei
828 2682 1048 2713 causam
1069 2671 1179 2725 ipse
1201 2671 1358 2713 Marti
1380 2672 1606 2725 planetae
1626 2671 1817 2713 tribuit.
1848 2671 1904 2712 In
1930 2674 2216 2723 systemate
2241 2670 2377 2711 enim

185 2742 505 2785 Ptolemaico
537 2742 722 2784 Martis
755 2741 926 2784 orbita
956 2745 1105 2783 extra
1134 2742 1266 2784 Solis
1297 2742 1522 2784 orbitam
1556 2746 1692 2793 erat;
1726 2742 1901 2794 itaque
1934 2740 2176 2783 distantia
2210 2741 2317 2795 ejus
2348 2752 2377 2781 a

185 2812 345 2854 Terra
365 2814 538 2868 major
557 2816 670 2855 erat
691 2825 852 2866 quam
874 2812 1006 2855 Solis
1028 2812 1288 2855 distantia.
1317 2813 1384 2854 At
1405 2812 1724 2866 Copernicus
1747 2812 1929 2854 Martis
1958 2812 2183 2854 orbitam
2204 2811 2377 2852 Terrae

187 2882 374 2925 orbitae
400 2884 642 2937 proxime
663 2883 1102 2933 circumdederat,
1131 2883 1334 2925 medias
1355 2895 1482 2925 vero
1511 2883 1781 2925 distantias
1804 2895 1834 2924 a
1855 2883 1974 2925 Sole
1999 2882 2073 2925 l.52
2094 2885 2144 2924 et
2169 2882 2243 2925 1.00
2264 2892 2376 2923 esse

186 2953 542 3005 existimabat3
566 2965 670 3007 quo
685 2954 862 3004 fiebat,
885 2957 941 2995 ut
957 2953 1141 2996 Martis
1157 2953 1418 3004 distantia,
1442 2965 1565 2996 cum
1579 2954 1632 2995 in
1647 2953 1973 3006 oppositione
1989 2955 2138 3002 esset,
2162 2951 2374 2993 dimidio

185 3024 360 3067 minor
379 3028 515 3067 esset
537 3037 697 3078 quam
713 3024 860 3074 Solis,
883 3024 975 3066 sed
996 3024 1068 3066 ita
1090 3036 1298 3077 quoque
1319 3024 1602 3077 parallaxis
1624 3025 1732 3078 ejus
1746 3023 2007 3076 Tychonis
2022 3021 2374 3064 instrumentis

186 3096 434 3149 cognosci
453 3106 559 3138 non
579 3098 801 3149 poterat.
830 3095 1012 3147 Itaque
1039 3095 1192 3137 facile
1212 3094 1571 3148 intellegimus,
1599 3094 1906 3147 Tychonem
1926 3093 1977 3134 in
1998 3092 2215 3145 epistula
2237 3102 2372 3132 anno

190 3165 300 3207 1584
321 3166 389 3208 ad
410 3165 764 3208 BRUCAEUM
788 3165 1129 3208 Rostochium
1149 3165 1344 3218 scripta
1364 3165 1504 3207 hunc
1527 3165 1805 3207 certiorem
1832 3163 2031 3212 fecisse,
2061 3161 2234 3203 multis
2261 3172 2373 3202 sese

186 3236 552 3289 accuratisque
583 3236 1053 3286 observationibus,
1086 3248 1217 3289 quas
1247 3235 1387 3277 exitu
1418 3235 1539 3276 anni
1570 3234 1680 3276 1582
1707 3237 1757 3275 et
1782 3233 1924 3275 initio
1954 3232 2074 3274 anni
2104 3231 2213 3272 1583
2239 3230 2373 3271 insti-

184 3306 381 3358 tuisset,
410 3306 872 3356 demonstravisse,
902 3307 1086 3348 Martis
1112 3305 1406 3359 parallaxin
1432 3307 1583 3358 longe
1611 3305 1870 3346 minorem
1890 3314 2057 3363 *quam
2085 3301 2216 3343 Solis
2243 3311 2368 3341 esse.

245 3390 255 3413 ²
278 3389 509 3424 THOMAS
533 3390 753 3428 LYDYAT,
774 3390 992 3424 Praeleetio
1013 3390 1295 3424 astronomIca
1319 3388 1514 3429 (Londini
1540 3389 1643 3428 1605)
1665 3398 1701 3430 p.
1724 3387 1778 3420 59.
