2678 4069
249 82 340 132 150
657 76 768 126 DE
796 72 1310 125 DISCIPLINIS
1338 45 2019 124 MATHEMAT’ICIS

248 222 382 271 dam
408 218 536 281 alijs
563 216 677 266 huc
704 214 1034 273 attulerunt,
1061 213 1564 264 fundamentalem
1585 216 1723 264 artis
1743 212 2146 265 tractationem
2167 221 2220 265 et
2242 230 2313 265 ex
2334 215 2431 266 ob-

245 286 659 340 servationibus
690 287 854 335 certis
885 282 1178 335 diductam
1207 299 1329 334 non
1359 286 1609 347 sapiunt.
1645 284 1861 335 Danda
1893 300 2037 335 uero
2071 291 2193 336 erat
2224 288 2432 336 merito

246 375 437 422 opera,
460 373 532 407 ne
554 356 681 406 haec
702 355 905 405 diuina
926 370 1132 405 eorum
1153 357 1391 405 inventa
1407 370 1437 405 6
1452 354 1791 406 mortalium
1813 358 2141 419 cognitione
2162 358 2431 419 perirent,

245 430 342 480 sed
374 431 566 491 potius
599 426 899 489 diligenter
932 425 1410 489 cognoscerentur
1442 441 1509 476 ac
1542 425 1984 476 illustrarentur.
2023 426 2091 476 Et
2124 429 2171 476 si
2205 442 2338 489 quae
2371 429 2433 477 in

243 500 352 550 illis
385 497 563 561 (quod
591 500 650 547 in
674 503 795 547 tam
820 495 1098 559 perplexa
1126 502 1178 546 et
1205 495 1439 546 sublimi
1468 496 1703 547 scientia
1733 496 1898 547 aliter
1927 496 2054 547 fieri
2084 496 2305 560 nequit)
2337 497 2431 548 de·
2483 510 2504 544 5

242 570 637 627 fiderarentur,
666 583 767 630 per
789 566 1017 617 crebras
1038 566 1295 617 siderum
1316 566 1762 627 observationeS,
1790 582 1858 618 ac
1879 567 2350 618 observationum
2370 570 2432 618 in

242 638 644 704 hypothesium
660 633 679 704 ΙΙ
696 644 749 688 61
770 652 1153 687 numerorum
1175 635 1592 689 correctionem
1613 637 2045 689 distributiones
2066 641 2430 689 restitueren-
2475 649 2526 691 4r

240 718 345 761 tur.
388 709 544 771 Quid
578 711 735 759 enim
768 707 878 759 hac
910 708 1144 759 scientia
1176 715 1362 772 potest
1396 709 1497 759 esse
1531 707 1865 759 difficilius?
1904 709 2043 772 quid
2077 712 2253 760 etiam
2285 725 2430 773 prae-

241 778 518 832 stantius?
550 779 701 842 Quae
723 795 845 829 non
866 781 927 829 in
946 781 1206 838 terreniS,
1233 782 1679 839 momentaneis,
1702 786 1756 830 et
1776 778 1970 830 fluidis
1992 780 2163 831 rebus
2185 796 2429 844 occupa-

239 859 345 911 tur,
374 851 472 901 sed
501 853 650 901 circa
674 852 971 913 praecipua
992 849 1108 909 illa,
1138 856 1191 900 et
1212 850 1359 901 nulli
1381 850 1710 901 alterationi
1732 849 1991 901 obnoxia
2012 850 2145 902 coeli
2167 866 2429 915 corpora,
2485 864 2526 898 lo

238 921 533 986 ingeniosa
549 928 601 972 et
616 920 979 985 perjucunda
994 921 1486 984 contemplatione
1501 921 1773 972 versatur.
1791 921 1889 972 Est
1901 921 2001 972 ubi
2012 938 2114 973 ver
2125 929 2428 981 aeternum,

238 993 336 1044 ubi
357 1008 605 1056 semper:

554 1097 827 1150 Lucidus
849 1100 1110 1163 apparet
1138 1097 1326 1159 Titan,
1349 1097 1661 1164 nullisque
1684 1098 1959 1150 tenebris

554 1168 833 1220 Laeditur
851 1170 1015 1220 alma
1039 1168 1197 1221 dies:
1216 1183 1341 1221 non
1361 1168 1489 1221 11116
1509 1168 1762 1221 nubifer
1778 1169 2029 1231 Auster,

563 1237 961 1305 Vesanusque
982 1239 1224 1305 Aquilo,
1248 1254 1372 1292 non
1393 1238 1522 1292 11116
1543 1240 1703 1292 bella
1724 1255 1842 1292 nec
1863 1239 2069 1306 enses:
2484 1254 2525 1287 15

557 1309 779 1363 Omnia
799 1311 916 1362 sed
931 1312 1078 1362 Iaeta
1092 1310 1464 1377 placidaque
1487 1310 1690 1377 quiete
1707 1314 2032 1378 geruntur.

239 1417 610 1481 Quapropter
639 1433 818 1480 quam
849 1416 1105 1468 aetherea
1134 1417 1235 1468 illa
1264 1417 1450 1469 moles
1480 1417 1634 1469 hanc
1664 1417 1999 1469 inferiorem
2028 1425 2303 1470 naturam
2328 1419 2431 1470 sua

238 1489 652 1552 magnitudine,
680 1488 885 1548 forma,
913 1495 1106 1539 motus
1128 1495 1408 1552 perpetua
1430 1496 1483 1540 et
1504 1489 1851 1540 admiranda
1871 1489 1995 1554 lege
2017 1505 2085 1541 36
2106 1488 2431 1542 delectabili

237 1558 666 1623 pulchritudine
689 1559 999 1610 antecellit:
1027 1562 1336 1611 intantum
1359 1562 1586 1611 coeteris
1607 1560 1843 1620 artibuS,
1867 1576 2001 1624 quae
2024 1563 2175 1612 circa
2195 1560 2324 1612 haec
2344 1564 2429 1612 in-

237 1630 450 1681 feriora
477 1637 530 1681 et
558 1631 777 1681 caduca
803 1637 1177 1694 occupantur,
1206 1631 1460 1682 nobilior
1482 1639 1535 1682 et
1555 1634 1924 1695 praestantior
1944 1634 2076 1696 jure
2103 1635 2428 1696 meritoque
2480 1644 2525 1678 20

238 1701 451 1752 censeri
473 1701 660 1753 debet:
685 1704 848 1752 cuius
869 1701 1173 1752 sublimem
1194 1702 1546 1766 dignitatem,
1570 1718 1692 1753 non
1712 1701 1962 1754 humilia
1984 1710 2037 1754 et
2057 1710 2243 1763 terrae,
2265 1719 2429 1755 more

237 1772 544 1835 pecudum,
573 1771 751 1823 affixa
773 1775 1008 1836 capiunt
1029 1775 1279 1837 ingenia,
1307 1773 1407 1824 sed
1430 1773 1642 1836 quibus
1663 1776 1867 1837 igneus
1888 1776 2036 1825 inest
2056 1777 2219 1838 vigor
2241 1781 2294 1825 et
2315 1790 2428 1826 coe-

237 1843 392 1894 lestis
408 1846 584 1907 origo.
609 1843 765 1905 Quid
787 1843 983 1906 quaeso
1004 1843 1304 1907 pulchrius
1327 1851 1380 1895 et
1401 1843 1642 1895 homine
1659 1844 1889 1909 dignius
1906 1846 2007 1896 esse
2023 1852 2225 1909 potest,
2248 1861 2429 1909 quam

237 1914 580 1965 immensam
600 1914 762 1965 illam
778 1914 910 1965 coeli
928 1913 1281 1975 machinam,
1304 1915 1703 1975 luminarium,
1726 1915 2143 1979 stellarumque
2160 1919 2428 1968 omnium

238 1984 543 2047 exquisitas
559 1992 612 2036 et
626 1985 1000 2036 admirandas
1012 1986 1430 2046 vicissitudines‚
1447 1993 1834 2050 motuumque
1844 1987 2280 2051 jucundissimas
2295 1987 2425 2039 har·
2477 1999 2522 2033 25

237 2058 467 2107 monias
493 2056 594 2106 suo
622 2056 948 2107 submittere
976 2055 1247 2121 ingenio?
1274 2057 1486 2108 Vident
1514 2057 1752 2121 quidem
1779 2060 2030 2122 imperiti
2061 2058 2257 2110 Solem
2288 2061 2426 2110 oriri

238 2133 290 2177 et
321 2126 596 2186 occidere,
632 2127 862 2178 Lunam
892 2127 1138 2178 crescere
1167 2135 1219 2178 et
1246 2131 1450 2187 minui,
1485 2128 1679 2180 stellas
1706 2132 1767 2179 in
1795 2129 1946 2180 coelo
1973 2132 2211 2181 micare:
2243 2130 2337 2181 sed
2364 2133 2426 2181 in

236 2196 327 2247 his
348 2196 495 2247 nihil
516 2197 1007 2258 animaduertunt,
1037 2199 1194 2262 quod
1222 2215 1343 2250 non
1364 2215 1400 2250 a
1419 2200 1600 2251 brutis
1626 2202 1802 2251 etiam
1823 2201 2221 2252 animantibus
2242 2201 2425 2252 videri

237 2274 426 2331 queat.
455 2268 594 2319 Non
621 2268 816 2319 vident
837 2268 1034 2320 Solem
1061 2270 1133 2320 ab
1162 2270 1366 2321 occasu
1393 2273 1454 2321 in
1481 2278 1674 2321 ortum
1694 2274 1880 2322 motui
1902 2271 2131 2331 diurn0‚
2159 2288 2261 2335 per
2283 2272 2422 2323 obli-

237 2354 420 2401 quum
442 2339 722 2390 circulum
745 2343 1068 2400 contraniti‚
1098 2348 1151 2391 et
1177 2341 1234 2391 id
1263 2341 1501 2404 quidem
1528 2342 1912 2405 inaequaliter,
1941 2349 2116 2406 atque
2142 2358 2245 2406 per
2265 2342 2424 2394 hunc
2473 2355 2519 2388 30

236 2416 462 2460 motum
492 2413 633 2461 anni
664 2413 1060 2473 quantitatem,
1094 2419 1146 2462 et
1176 2412 1404 2463 dierum
1434 2411 1811 2476 noc'tiumque
1838 2413 2276 2465 vicissitudinem
2304 2413 2423 2465 effi-

237 2495 380 2530 cere.
404 2481 543 2531 Non
564 2481 1039 2532 animaduertunt
1055 2483 1285 2534 Lunam
1304 2499 1460 2534 nunc
1477 2484 1706 2534 cursum
1720 2484 2037 2544 intendere,
2060 2500 2218 2535 nunc
2232 2487 2422 2535 remit-

235 2557 370 2610 tere,
393 2552 683 2602 interdum
697 2551 894 2603 Terrae
910 2556 1260 2617 propiorem,
1282 2554 1576 2605 interdum
1597 2555 1826 2619 longius
1842 2562 2129 2607 remotam
2145 2557 2263 2606 esse.
2287 2555 2422 2607 Coe-

236 2628 388 2672 teros
415 2624 651 2685 insuper
679 2625 937 2686 quinque
964 2624 1228 2687 planetas
1256 2641 1377 2676 non
1406 2626 1766 2677 considerant
1793 2626 2006 2677 diurno
2032 2629 2219 2677 motui
2247 2629 2423 2677 etiam

237 2694 298 2742 in
313 2695 668 2744 contrarium
682 2693 832 2753 ferri,
855 2695 1028 2757 idque
1044 2695 1252 2759 dispari
1267 2697 1459 2760 greBU,
1482 2713 1640 2747 nunc
1656 2697 1884 2748 cursum
1902 2697 2242 2756 accelerare,
2265 2713 2423 2748 nunc
2472 2709 2517 2743 35

236 2763 544 2823 retardare,
567 2764 884 2827 aliquando
907 2768 1082 2816 etiam
1104 2769 1431 2827 consistere,
1455 2774 1508 2819 et
1529 2784 1963 2831 nonnunquam
1983 2770 2179 2832 priora
2192 2768 2423 2832 vestigia

236 2833 503 2897 relegere,
533 2835 885 2898 eosdemque
913 2836 1053 2887 dum
1078 2836 1237 2888 hunc
1265 2838 1493 2889 cursum
1520 2841 1581 2889 in
1606 2838 1844 2890 Zodiaci
1871 2839 2232 2903 longitudine
2259 2855 2421 2902 pera-

236 2911 416 2967 grant,
432 2907 591 2955 varie
607 2908 827 2957 interea
842 2906 913 2957 ab
930 2907 1116 2959 orbita
1131 2908 1297 2968 Solis,
1312 2916 1433 2960 tam
1447 2909 1643 2960 versus
1657 2910 1958 2969 Austrum,
1975 2926 2155 2973 quam
2170 2910 2422 2961 Boream

235 2974 346 3025 sese
368 2974 672 3027 infledtere.
702 2976 867 3036 Haec,
895 2980 1155 3041 inquam,
1185 2986 1238 3030 et
1264 2980 1449 3031 multa
1470 2980 1603 3040 alia,
1633 2996 1766 3044 quae
1788 2983 1849 3031 in
1870 2980 2228 3032 admirandis
2251 2980 2420 3031 coele-

236 3047 410 3096 stium
441 3061 751 3110 corporum
780 3049 1032 3099 motibus
1062 3049 1447 3101 indefinenter
1477 3050 1640 3110 fiunt,
1671 3052 2101 3102 Astronomicae
2129 3054 2266 3103 artis
2293 3047 2420 3118 1111-ΙΙ
2471 3062 2516 3096 40

236 3118 402 3180 periti
423 3133 545 3168 non
562 3117 778 3168 vident:
802 3134 908 3169 nec
925 3119 964 3169 fi
983 3135 1216 3171 cernere
1238 3122 1466 3184 possem,
1490 3122 1689 3173 causas
1709 3129 2005 3173 tantarum
2026 3121 2422 3173 diuerfitatum
2464 3130 2521 3172 4ν

2078 3192 2418 3257 intelligunt.
