2678 4069
129 768 150 801 5

107 1122 148 1155 lo

105 1478 145 1511 15

99 1833 144 1867 20

98 2189 142 2222 25

95 2545 140 2579 30

95 2901 140 2934 35

96 3256 141 3289 40

629 261 742 312 DE
769 262 1010 313 NOVA
1038 262 1354 315 STELLA
1381 264 1973 318 PERTINENTES
2318 270 2396 320 131

559 406 766 494 AN
780 407 879 495 N
893 407 1400 499 OTATIO
1445 410 2046 503 AVTORIS.

1168 531 1236 575 [ad
1257 544 1293 577 p.
1316 533 1434 577 5630]

205 614 527 735 HANC
556 629 661 678 ego
689 614 944 678 Eclipsin
965 617 1027 665 in
1049 616 1233 667 Curia
1253 619 1387 667 mea
1408 618 1858 683 Knusdorpiana
1885 621 2184 685 diligenter
2212 623 2394 674 obser-

373 687 523 735 vavi.
553 685 690 736 Erat
717 688 875 736 enim
903 686 1121 737 coelum
1147 686 1278 738 satis
1306 687 1588 740 serenum.
1618 691 1836 742 Aderat
1859 708 1999 742 vero
2026 699 2163 743 tunc
2191 693 2395 745 dilecia

200 756 346 807 mihi
374 772 540 807 soror
566 755 861 808 SOPHIA
888 757 1176 816 BRAHE,
1204 764 1341 808 tunc
1367 763 1643 823 temporis
1665 764 1824 825 virgo
1853 778 2147 814 annorum
2174 767 2395 815 circiter

200 828 271 887 14,
289 843 440 891 quae,
457 843 592 878 cum
606 829 819 879 natura
832 827 1045 879 talibus
1061 827 1456 889 delec'taretur,
1472 830 1715 882 libenter
1730 834 2074 893 attendebat,
2092 834 2142 884 8(
2159 850 2243 895 ea,
2261 851 2394 898 quae

198 905 440 962 poterat,
468 898 944 950 subministrabat.
974 898 1353 962 Deprehendi
1377 916 1516 951 vero
1543 917 1645 965 per
1668 902 2071 964 Quadrantem
2099 906 2394 968 quendam

201 969 677 1021 Orichalchicum
709 972 1065 1029 inauratum,
1100 972 1201 1033 qui
1233 971 1464 1034 singula
1496 975 1677 1034 quina
1709 976 1935 1025 minuta
1967 975 2097 1026 satis
2131 978 2393 1040 expedite

198 1040 507 1100 indicabat,
542 1043 690 1102 (nam
723 1047 1072 1105 apparenter
1105 1041 1377 1092 umbram
1409 1042 1563 1093 fuisse
1597 1045 1908 1107 ingressam,
1945 1046 1995 1095 8(
2027 1046 2394 1109 aliquantula

198 1118 359 1175 parte
388 1112 679 1171 delituisse,
708 1127 844 1162 cum
871 1118 1044 1176 caput
1070 1111 1360 1163 inferioris
1387 1113 1627 1164 Gemini
1656 1114 1978 1166 elevaretur
2005 1117 2262 1180 partibus
2291 1119 2391 1177 143,

198 1183 346 1234 adeo
368 1190 431 1234 ut
451 1185 548 1233 vix
570 1182 650 1233 14⁰
671 1183 998 1234 Horizonte
1021 1185 1267 1234 extiterit
1288 1183 1389 1234 illa
1409 1183 1581 1244 stella,
1607 1187 1668 1235 in
1689 1187 1956 1249 ipsissimo
1979 1188 2212 1252 deliquij
2237 1192 2391 1252 prin-

198 1257 364 1318 cipio.
394 1254 603 1305 Nostra
629 1254 906 1305 indicatio
933 1254 1195 1318 superius
1223 1254 1477 1318 expolita
1505 1255 1760 1319 ejusdem
1784 1257 1964 1308 stellae
1986 1258 2392 1310 sublimitatem

196 1332 333 1376 tunc
366 1325 625 1376 futuram
658 1325 918 1389 praedicit
951 1325 1046 1376 13⁰.
1083 1325 1260 1387 Quod
1294 1328 1471 1377 etiam
1504 1330 1999 1389 quamminimum
2029 1329 2100 1380 ab
2132 1330 2390 1381 observa-

196 1399 354 1447 tione
378 1395 583 1448 differt.

267 1468 333 1518 In
348 1470 514 1518 initio
529 1467 722 1519 totalis
737 1468 1009 1531 ingressus
1024 1467 1323 1519 observavi
1340 1468 1590 1519 eandem
1601 1468 1820 1519 stellam
1833 1469 2014 1520 attolli
2027 1486 2078 1533 p.
2093 1471 2204 1524 22&
2222 1472 2390 1535 Assig-

195 1541 356 1590 natio
383 1539 764 1602 praeindicata
790 1538 981 1590 nostra
1006 1538 1118 1590 hac
1144 1541 1207 1589 in
1233 1546 1395 1602 parte
1423 1538 1598 1590 habet
1624 1555 1701 1603 gr.
1730 1540 1831 1592 213.
1865 1540 2039 1602 Quod
2067 1544 2241 1592 etiam
2267 1558 2390 1605 per-

195 1610 494 1661 modicum
516 1609 721 1661 differt.
751 1610 816 1660 In
837 1612 1123 1674 principio
1146 1611 1387 1674 egressus
1409 1609 1460 1660 8(
1482 1610 1847 1661 eluctationis
1870 1611 1941 1662 ab
1964 1611 2186 1671 umbra,
2212 1613 2391 1664 Canis

194 1684 390 1732 minor
404 1681 817 1732 observabatur
832 1681 1050 1732 elevari
1064 1696 1117 1744 p.
1129 1681 1230 1734 173.
1247 1681 1590 1732 Praecedens
1605 1688 1803 1733 autem
1818 1682 2092 1733 indicatio
2109 1683 2187 1734 17Ο
2202 1683 2390 1743 habet,

195 1753 353 1816 quod
367 1755 466 1803 vix
480 1752 819 1804 sensibiliter
834 1752 1128 1816 discrepat.
1152 1753 1320 1803 quta
1335 1752 1609 1803 ultimum
1624 1752 1805 1803 finem
1819 1755 1994 1803 totius
2011 1754 2249 1817 Eclipsis
2265 1755 2390 1805 nul-

194 1823 281 1875 las
301 1823 488 1875 stellas
510 1823 814 1875 observare
835 1823 1012 1883 licuit,
1041 1839 1182 1874 nam
1203 1822 1276 1874 ab
1298 1839 1369 1874 eo
1389 1830 1668 1887 tempore,
1698 1824 1936 1887 quando
1958 1824 2151 1875 media
2173 1827 2392 1876 circiter

192 1897 229 1956 ζ(
249 1896 456 1959 egressa
471 1902 593 1946 erat
606 1901 776 1946 terrae
792 1894 1081 1954 umbram,
1104 1894 1285 1958 usque
1300 1897 1362 1945 in
1376 1894 1557 1945 finem
1571 1894 1827 1955 totalem,
1846 1895 1896 1945 &
1911 1895 2169 1955 ulteriuS,
2189 1896 2390 1946 rarius-

194 1966 342 2017 culae
370 1966 556 2017 nubes
583 1966 801 2017 coelum
829 1965 1211 2025 obduxerant,
1240 1968 1320 2017 ita
1340 1972 1403 2016 ut
1423 1965 1544 2017 sola
1565 1968 1604 2027 (ζ
1625 2007 1636 2025 ,
1664 1981 1771 2017 nec
1795 1973 1993 2017 tamen
2015 1982 2242 2030 semper
2262 1966 2391 2018 satis

194 2037 427 2089 discrete
449 2043 771 2101 appareret,
794 2037 1033 2101 quando
1055 2044 1254 2088 autem
1275 2052 1551 2101 suprema
1573 2039 1698 2102 ejus
1720 2037 2183 2088 circumferentia
2205 2037 2390 2089 eleva-

192 2109 362 2160 batur
391 2108 484 2160 50Ο
510 2108 618 2168 25’,
649 2115 837 2159 totum
867 2108 1070 2159 lumen
1100 2109 1452 2172 recuperasse
1483 2108 1602 2160 visa
1632 2115 1730 2167 est,
1764 2115 2052 2172 quantum
2082 2124 2183 2172 per
2213 2109 2389 2159 nube-

193 2179 355 2231 culas
382 2179 512 2231 illas
539 2195 702 2231 raras
730 2179 1049 2231 discernere
1076 2179 1252 2230 licuit.
1284 2179 1425 2230 Non
1455 2186 1653 2230 tamen
1682 2179 1814 2231 satis
1842 2186 2130 2239 accurata,
2160 2179 2210 2229 8(
2238 2195 2388 2230 com-

192 2251 371 2302 moda
396 2250 518 2311 fuit,
547 2250 675 2302 haec
702 2251 910 2302 ultima
934 2250 1331 2310 confiderati0‚
1359 2253 1572 2314 partim
1593 2253 1732 2314 quia
1755 2252 1793 2311 K
1819 2250 2138 2310 nubeculiS‚
2168 2253 2250 2301 uti
2278 2251 2387 2301 dic-

145 2340 166 2355 v
191 2328 333 2382 tum,
356 2321 615 2374 obnoxia
633 2329 771 2381 erat,
793 2324 1005 2386 partim
1021 2324 1161 2385 quia
1175 2322 1512 2373 Meridiano
1528 2324 1712 2386 magis
1728 2317 1747 2388 ΙΙ
1763 2324 2065 2385 magisque
2081 2324 2388 2385 appropin-

193 2400 413 2457 quaret,
431 2393 482 2444 8(
497 2393 570 2444 ob
586 2393 644 2444 id
659 2393 1042 2452 altitudinem,
1065 2408 1187 2444 non
1209 2392 1531 2444 admodum
1551 2392 1896 2451 sensibiliter,
1919 2408 2109 2456 pauco
2130 2399 2390 2455 tempore

190 2471 457 2516 mutaret.
487 2464 743 2516 Coeterae
765 2464 1071 2515 antedictae
1093 2463 1626 2515 animadversiones
1647 2463 1778 2514 satis
1798 2463 1946 2514 bene
1968 2463 2022 2514 se
2044 2463 2275 2514 habent.
2305 2463 2389 2513 Ex

191 2535 403 2599 quibus
431 2538 609 2586 etiam
635 2535 859 2599 liquido
887 2534 1117 2595 constat,
1147 2541 1414 2598 tempora
1440 2534 1618 2599 hujus
1646 2534 1902 2598 deliquij,
1935 2550 2006 2585 ex
2036 2534 2225 2585 nostra
2254 2541 2389 2584 tunc

189 2607 462 2670 assignata
481 2605 897 2666 verificatione,
923 2608 1339 2657 convenienter
1359 2605 1413 2656 se
1435 2605 1668 2656 habere.
1698 2605 1858 2656 Nam
1880 2606 2037 2668 quod
2059 2605 2388 2656 altitudines

189 2676 445 2728 fixarum
466 2677 806 2737 observatae,
829 2693 865 2729 a
884 2680 1045 2741 prius
1067 2679 1377 2736 annotatiS,
1401 2679 1620 2727 circiter
1636 2692 1758 2727 uno
1773 2676 1956 2740 gradu
1971 2676 2284 2735 abundent,
2306 2682 2386 2725 to-

189 2748 428 2800 lerabile
457 2748 545 2800 est.
576 2748 848 2811 Quatuor
875 2751 1033 2799 enim
1053 2747 1147 2799 vel
1174 2750 1435 2811 quinque
1462 2747 1669 2798 saltem
1695 2749 1935 2798 minutis
1961 2749 2238 2810 temporis
2266 2762 2386 2797 mo-

189 2826 388 2871 menta
409 2819 645 2884 deliquij
671 2822 751 2870 sic
777 2819 1114 2884 prolongari
1137 2825 1398 2882 possunt,
1427 2818 1478 2869 &
1505 2818 1851 2869 tantundem
1879 2821 2055 2869 etiam
2076 2817 2386 2868 Knudstor-

189 2892 355 2954 pium
376 2890 625 2942 Haffnia
647 2891 827 2955 Regni
848 2890 1183 2954 Metropoli,
1211 2889 1305 2940 vel
1331 2892 1524 2953 potius
1545 2889 1675 2940 loco
1696 2889 2073 2952 longitudinis
2095 2889 2386 2951 assumptae

192 2961 266 3012 est
288 2961 660 3022 Orientalior,
688 2964 768 3013 ita
795 2968 857 3012 ut
883 2963 1074 3025 major
1099 2961 1281 3012 ferme
1305 2959 1563 3024 praecifio
1585 2962 1802 3023 requiri
1823 2975 1945 3010 non
1967 2959 2187 3010 debeat.
2217 2959 2284 3008 Et
2305 2961 2384 3021 ip-

190 3039 373 3083 semet
387 3035 525 3084 satis
539 3035 740 3084 mirari
755 3048 877 3083 non
891 3047 1150 3096 possum,
1173 3031 1472 3095 quomodo
1493 3033 1555 3081 in
1574 3031 1674 3081 illa
1689 3030 1938 3095 juvenili
1955 3036 2139 3089 aetate,
2162 3044 2385 3080 annum

189 3102 390 3154 saltem
411 3119 589 3168 agens
609 3103 694 3163 26,
716 3119 824 3155 nec
844 3103 975 3155 satis
997 3105 1264 3166 copiosiS‚
1287 3102 1698 3165 accuratisque,
1721 3104 1782 3152 in
1797 3108 1962 3152 motu
1977 3101 2384 3151 Luminarium

191 3173 696 3226 observationibus
717 3181 891 3226 antea
911 3173 1160 3233 fulcitUS,
1183 3188 1427 3237 scopum
1448 3175 1642 3236 ipsum
1660 3172 1808 3223 adeo
1824 3171 2056 3236 praecise
2073 3170 2383 3222 collineare

190 3248 497 3309 potuerim.
533 3245 821 3309 Equidem
850 3245 944 3296 hic
974 3244 1122 3296 nihil
1148 3243 1365 3308 affingo
1393 3250 1493 3295 aut
1519 3249 1700 3303 mut0,
1731 3243 1824 3294 sed
1855 3240 2383 3294 animadversiones

192 3316 420 3367 coelitus
440 3316 620 3367 factas
640 3318 892 3380 ingenue
908 3315 1112 3375 refer0,
1134 3321 1306 3379 prout
1320 3314 1465 3366 liber
1478 3314 1592 3374 ille,
1614 3317 1675 3364 in
1691 3330 1808 3377 quo
1825 3315 1874 3377 ej
1882 3329 1950 3364 us
1967 3314 2107 3363 anni
2123 3310 2380 3362 observa-

337 3397 400 3432 17*
2197 3383 2382 3431 tiones
