2678 4069
256 155 420 205 XXII
793 142 1456 196 PROLEGOMENA
1483 137 1885 190 EDITORIS

254 290 506 343 optimum
528 297 639 328 esse
660 284 958 325 Waltherus
986 280 1143 330 addit,
1172 280 1312 332 quod
1335 278 1400 320 ab
1423 279 1588 319 altero
1610 275 1827 318 meridie
1848 276 1916 318 ad
1937 277 2162 318 alterum
2187 275 2430 319 interval-

252 362 358 401 lum
378 361 517 399 recte
537 355 801 403 indicaret,
824 351 1133 394 intellexisse
1153 353 1333 391 tamen
1353 348 1572 398 videtur,
1595 347 1757 389 fidem
1778 346 1825 389 ei
1845 346 2149 388 habendam
2169 358 2276 389 non
2289 359 2426 398 esse;

252 438 571 481 quamquam
602 425 739 466 enim
765 423 816 464 in
843 421 1067 474 deliquio
1090 419 1284 461 Lunari
1305 418 1427 460 anni
1451 417 1561 459 1487
1582 428 1646 459 eo
1666 429 1791 459 usus
1812 420 1904 467 est,
1932 416 2093 459 nihilo
2121 416 2294 459 minus
2321 417 2430 460 alti-

249 498 449 539 tudines
478 496 629 537 simul
661 494 925 535 dimensus
955 493 1068 533 est1.
1104 490 1272 531 Etiam
1300 493 1424 531 tunc
1456 489 1523 530 ad
1551 491 1760 541 tempus
1789 486 2131 529 indicandum
2161 487 2280 530 haec
2313 489 2427 530 sola

250 566 515 609 annotatio
536 562 888 606 observationi
909 561 1030 603 addi
1044 560 1262 610 solebat,
1286 559 1373 613 qui
1387 558 1600 601 Zodiaci
1613 558 1805 612 gradus
1818 569 1912 611 per
1927 557 2278 600 meridianum
2291 561 2429 600 tran-

248 637 368 678 siret
393 636 500 677 sive
532 635 606 675 »in
633 633 807 675 medio
834 632 950 674 caeli
976 634 1156 681 esset«,
1185 633 1234 672 et
1253 629 1435 683 Tycho
1460 640 1669 682 quoque
1691 628 2000 670 adulescens
2019 627 2122 671 hoc
2143 640 2287 682 saepe
2308 640 2430 671 con-

246 710 415 748 tentus
436 717 547 747 esse
568 704 865 757 cogebatur.

307 777 363 817 In
397 774 765 817 observatoriis
796 772 1133 814 TYCHONIS
1169 770 1451 824 horologiis
1484 781 1778 823 numquam
1816 771 2043 811 multum
2081 769 2426 812 tribuebatur.

247 848 580 898 Quamquam
601 845 740 886 enim
759 844 859 885 tria
879 844 960 885 vel
983 846 1229 896 quattuor
1255 841 1573 895 possidebat,
1601 852 1896 893 numquam
1916 852 1979 883 ea
1999 840 2234 894 pluribus
2253 840 2428 883 verbis

245 916 501 966 describit,
523 915 714 968 saepius
734 926 862 957 vero
884 916 1116 964 annotat,
1137 913 1299 954 fidem
1320 911 1379 954 iis
1400 923 1506 954 non
1527 923 1640 954 esse
1655 911 1975 962 habendam,
1999 911 2251 964 quoniam
2266 912 2427 954 etiam

244 989 376 1029 intra
403 988 562 1028 breve
587 985 838 1039 temporis
865 984 1093 1038 spatium
1120 995 1304 1026 cursus
1331 994 1517 1025 eorum
1543 994 1802 1036 perquam
1827 981 2081 1025 instabilis
2104 985 2257 1034 esset,
2286 984 2428 1036 quod

244 1070 348 1100 non
373 1059 544 1100 solum
570 1060 807 1099 rotarum
828 1055 977 1106 vitiis,
1005 1055 1113 1105 sed,
1142 1066 1470 1108 quamquam
1495 1053 1670 1095 hieme
1690 1053 1741 1094 in
1761 1053 1890 1095 locis
1911 1053 2181 1096 calefactis
2201 1065 2266 1096 ea
2291 1056 2429 1096 tene-

245 1129 347 1179 bat,
382 1128 540 1170 etiam
573 1139 717 1169 aurae
751 1126 1125 1168 mutationibus
1157 1125 1466 1179 imputabat.
1502 1124 1603 1166 Sed
1637 1123 1833 1177 aliquot
1866 1124 2083 1166 demum
2112 1127 2231 1178 post
2261 1136 2428 1167 annos

242 1200 436 1252 Tycho‚
465 1198 551 1251 qui
575 1202 755 1240 tamen
778 1199 890 1252 jam
915 1200 1045 1248 tum,
1076 1208 1200 1239 cum
1227 1195 1512 1249 deliquium
1540 1196 1748 1237 Lunare
1776 1194 1898 1236 anni
1928 1194 2039 1237 1573
2066 1195 2134 1237 ad
2160 1196 2426 1238 calculum

239 1274 468 1321 vocaret,
491 1269 762 1323 horologia
782 1268 981 1310 incerta
1001 1279 1115 1310 esse
1130 1267 1348 1317 dixerat,
1371 1278 1477 1309 non
1492 1267 1654 1309 modo
1671 1266 1815 1308 omni
1830 1265 2186 1308 observationi
2198 1267 2426 1320 planetae

238 1342 318 1382 vel
340 1344 565 1383 cometae
588 1342 896 1382 accuratam
916 1338 1168 1392 temporis
1184 1337 1543 1380 definitionem
1559 1338 1769 1387 addere,
1790 1337 1884 1379 sed
1899 1336 2059 1379 etiam
2074 1348 2168 1390 per
2183 1337 2427 1379 observa-

236 1411 403 1453 tiones
424 1411 753 1453 altitudinum
774 1410 1045 1464 horologia
1066 1409 1326 1464 corrigere
1347 1408 1706 1451 necessarium
1727 1419 1842 1451 esse
1861 1407 2126 1450 intellexit.
2149 1408 2251 1450 Sed
2266 1407 2427 1450 etiam

238 1482 494 1536 ejusmodi
514 1481 785 1535 horologia
806 1484 1051 1535 expertus
1072 1484 1164 1531 est,
1188 1492 1307 1534 quae
1329 1479 1618 1534 clepsydris
1640 1478 1864 1532 antiquis
1878 1478 2068 1521 similia
2083 1481 2277 1530 essent;
2298 1482 2428 1521 tem-

237 1565 333 1606 pus
354 1553 493 1595 enim
513 1553 600 1594 illa
621 1552 1024 1594 dimetiebantur
1043 1563 1136 1606 per
1158 1554 1431 1606 argentum
1451 1550 1649 1601 vivum,
1678 1551 1819 1603 quod
1846 1549 2097 1592 effluebat
2117 1561 2146 1592 e
2166 1549 2427 1593 foramine

238 1635 404 1677 parvo
431 1624 482 1665 in
507 1624 671 1666 fundo
692 1623 832 1665 vasis
858 1623 1016 1674 facto,
1045 1622 1096 1664 in
1123 1633 1243 1675 quo,
1273 1634 1352 1673 ne,
1380 1622 1424 1664 si
1443 1621 1521 1663 vis
1541 1620 1788 1675 ponderis
1809 1623 2116 1672 mutaretur,
2146 1620 2426 1664 multitudo

239 1696 362 1749 ejus,
386 1695 526 1747 quod
547 1694 811 1745 effluebat,
833 1694 1135 1736 inconstans
1157 1696 1307 1744 esset,
1329 1692 1601 1746 provisum
1622 1695 1749 1742 erat,
1772 1694 1828 1733 ut
1847 1703 2058 1746 semper
2078 1692 2304 1734 eandem
2321 1692 2428 1734 alti-

238 1765 472 1807 tudinem
500 1768 771 1819 argentum
797 1764 979 1806 vivum
1004 1767 1218 1806 teneret.
1256 1763 1513 1806 Utebatur
1544 1766 1722 1805 autem
1747 1774 1844 1816 pro
1872 1766 2088 1817 argento
2115 1762 2238 1805 vivo
2266 1762 2427 1805 etiam

239 1836 455 1889 plumbo
478 1836 768 1889 oxygenico
788 1835 880 1891 (Pb
892 1835 954 1891 Ο)
973 1835 1026 1877 in
1044 1835 1272 1888 pulveris
1293 1835 1525 1877 formam
1546 1834 1778 1876 redacto.
1797 1833 1906 1876 Nec
1923 1837 2106 1876 tamen
2119 1833 2217 1876 nisi
2231 1834 2427 1888 experi-

240 1906 400 1948 menti
415 1918 576 1949 causa
591 1906 670 1948 his
685 1905 973 1960 clepsydris
989 1917 1114 1948 usus
1129 1909 1226 1957 est;
1246 1918 1372 1947 nam
1386 1905 1438 1947 in
1451 1904 1594 1947 libris
1610 1905 1718 1959 ejus
1735 1905 2166 1947 observationum
2181 1916 2246 1947 ne
2262 1906 2426 1947 semel

240 1977 450 2029 quidem
472 1980 782 2019 annotatum
803 1980 894 2027 est,
915 1976 1105 2019 talibus
1127 1988 1249 2019 eum
1269 1976 1321 2018 in
1342 1976 1795 2019 observationibus
1815 1987 1972 2018 usum
1993 1987 2122 2018 esse.

296 2048 376 2089 Ad
397 2048 690 2090 altitudines
710 2049 980 2090 stellarum
1002 2047 1360 2090 observandas
1382 2047 1644 2089 interdum
1665 2046 1825 2088 etiam
1845 2050 2084 2089 sextante
2097 2046 2280 2100 Tycho
2300 2059 2426 2089 usus

240 2121 331 2168 est,
361 2118 447 2170 qui
467 2118 608 2161 circa
630 2131 785 2161 axem
805 2119 1111 2161 verticalem
1133 2117 1420 2172 circumagi
1439 2121 1661 2171 poterat,
1690 2117 1838 2172 cujus
1858 2129 1987 2160 vero
2009 2119 2140 2160 alter
2158 2117 2337 2160 radius
2357 2119 2427 2160 la-

239 2188 414 2230 teralis
440 2200 532 2242 per
558 2189 1003 2243 perpendiculum,
1033 2190 1174 2243 quod
1201 2201 1265 2231 ex
1293 2188 1469 2231 medio
1496 2188 1606 2243 ejus
1628 2191 1824 2242 puncto
1845 2188 2169 2242 procedebat
2189 2191 2239 2231 et
2258 2188 2425 2231 imam

243 2270 395 2301 arcus
416 2260 801 2302 extremitatem
823 2260 1071 2314 attingere
1093 2260 1333 2311 debebat,
1356 2260 1407 2301 in
1423 2259 1739 2302 horizontali
1752 2259 2008 2313 positione
2022 2259 2188 2301 teneri
2201 2262 2422 2313 poterat.

241 2330 371 2371 Cum
403 2331 628 2383 planetae
660 2342 724 2372 ne
757 2331 809 2372 in
842 2331 1132 2373 meridiano
1166 2331 1378 2384 quidem
1409 2331 1477 2372 ad
1507 2330 1833 2372 altitudinem
1862 2330 1943 2372 60⁰
1972 2330 2168 2372 elevari
2194 2333 2424 2384 possent,

240 2411 638 2454 nonnumquam
652 2401 700 2443 ei
712 2401 907 2455 placuit
927 2402 1028 2444 hoc
1044 2405 1282 2444 sextante
1297 2413 1388 2444 eos
1404 2402 1703 2452 observare,
1727 2400 1814 2454 qui
1830 2400 2145 2455 Uraniburgi
2157 2401 2209 2443 in
2224 2401 2426 2455 majore

241 2471 601 2514 observatorio
623 2472 690 2513 ad
712 2472 986 2514 meridiem
1006 2472 1263 2526 spectanti
1282 2472 1481 2526 positus
1503 2475 1635 2521 erat;
1663 2471 1920 2526 praedicat
1946 2474 2125 2514 autem
2150 2471 2424 2526 imprimis,

238 2541 392 2583 facile
413 2553 534 2583 eum
555 2542 772 2597 disjungi
792 2546 842 2585 et
861 2544 981 2586 loco
1002 2543 1207 2586 moveri
1231 2554 1401 2597 posse.
1430 2543 1534 2585 Etsi
1554 2554 1682 2585 vero
1709 2542 1950 2585 inventor
1971 2542 2223 2585 sextantis
2242 2542 2424 2596 Tycho

239 2611 335 2653 sibi
368 2623 479 2654 esse
511 2612 802 2664 videbatur,
836 2615 1036 2656 Arabes
1067 2617 1248 2657 tamen
1280 2626 1403 2656 eum
1437 2616 1851 2664 antecesserant3
1885 2625 2012 2655 nam
2046 2624 2185 2656 anno
2217 2612 2303 2655 992
2334 2613 2426 2655 AL

240 2681 594 2724 CHOGANDI
627 2684 857 2737 Bagdadi
888 2688 1184 2728 sextantem
1217 2685 1522 2735 construxit,
1563 2685 1709 2739 cujus
1737 2684 1915 2726 radius
1948 2683 2108 2726 etiam
2140 2683 2197 2726 60
2228 2684 2425 2738 pedum

238 2752 395 2794 fuisse
417 2753 617 2804 dicitur,
639 2757 695 2795 ut
716 2766 779 2797 eo
802 2755 1161 2808 obliquitatem
1183 2755 1447 2809 Eclipticae
1468 2755 1720 2798 definiret.

297 2823 536 2876 Proprius
556 2836 683 2866 vero
704 2826 1021 2868 sextantium
1041 2839 1166 2869 usus
1186 2826 1271 2869 hic
1292 2829 1420 2876 erat,
1442 2829 1498 2868 ut
1517 2837 1611 2879 per
1631 2837 1722 2868 eos
1743 2825 2002 2868 distantiae
2021 2826 2296 2879 angulares
2310 2826 2424 2867 stel-

239 2894 410 2934 larum
437 2894 787 2937 definirentur.
818 2896 934 2939 Hoc
963 2897 1179 2939 consilio
1199 2897 1381 2950 Tycho
1404 2896 1608 2938 Hvenae
1633 2899 1739 2938 tres
1765 2899 2031 2938 sextantes
2059 2906 2280 2950 magnos
2305 2906 2425 2938 con-

240 2963 438 3005 struxit.
471 2964 709 3014 Quorum
736 2978 886 3017 unus,
918 2967 1138 3010 Sextans
1168 2967 1473 3021 chalybeus,
1506 2966 1593 3019 qui
1623 2967 1689 3009 ab
1721 2978 1860 3009 anno
1893 2966 2004 3009 1578
2030 2966 2082 3008 in
2110 2978 2208 3008 usu
2235 2969 2348 3008 erat
2374 2969 2425 3008 et

242 3033 553 3088 Uraniburgi
567 3035 617 3077 in
634 3036 994 3079 observatorio
1010 3038 1114 3092 maj
1122 3049 1212 3080 ore
1228 3037 1480 3080 adversus
1494 3037 1872 3091 septentriones
1887 3037 1985 3079 sito
2000 3038 2179 3079 locum
2194 3037 2422 3087 tenebat,

240 3106 379 3145 totus
409 3116 436 3145 e
467 3105 690 3158 chalybe
724 3106 893 3149 factus
926 3111 1038 3149 erat
1071 3109 1365 3161 eademque
1396 3108 1599 3150 ratione
1633 3111 1963 3150 constructus
1996 3119 2100 3160 qua
2131 3106 2230 3157 ille,
2265 3118 2424 3160 quem

302 3187 311 3209 ¹
336 3187 671 3223 REGIOMONT.
693 3189 759 3224 fol.
781 3190 826 3224 50
846 3201 949 3235 sqq.;
971 3192 1153 3226 SNELL.
1174 3203 1210 3236 p.
1232 3192 1287 3226 32.
