2678 4069
713 317 1380 371 PROLEGOMENA
1409 322 1810 374 EDITORIS
2102 325 2353 376 XXXIII

226 455 402 497 Unum
433 455 592 496 etiam
622 466 782 508 genus
813 456 1258 508 observationum,
1294 471 1412 511 quae
1445 460 1647 502 Hvenae
1676 462 2089 511 instituebantur,
2125 475 2355 506 comme-

164 526 485 568 morandum
506 529 598 575 est,
622 525 1019 568 observationes
1039 530 1379 580 tempestatis.
1409 531 1556 572 Tales
1580 532 1644 573 ab
1669 532 1778 573 aliis
1800 544 2199 586 nonnumquam
2219 535 2355 576 insti-

163 599 291 638 tutae
321 599 485 646 erant,
517 607 686 648 neque
715 599 896 638 tamen
924 597 1126 650 longior
1155 610 1338 640 earum
1369 601 1527 642 series
1554 614 1717 654 usque
1746 604 1812 644 ad
1839 603 1888 644 id
1915 608 2121 657 tempus
2148 605 2354 658 publice

165 665 303 709 edita
333 678 447 709 esse
476 666 697 708 videtur.
730 666 1021 708 IOANNES
1053 668 1263 720 quidem
1296 669 1571 712 WERNER
1601 674 1794 714 multos
1824 686 1917 726 per
1946 686 2111 716 annos
2142 680 2355 718 annota-

164 738 331 780 tiones
358 737 557 779 fecerat
583 738 648 779 de
673 740 1002 790 tempestate,
1031 739 1123 779 secl
1151 738 1272 779 nihil
1302 739 1440 781 aliud
1467 753 1626 793 quam
1648 745 1889 796 exempla
1910 746 2115 797 prolata
2137 749 2284 787 erant
2304 746 2355 787 in

164 808 296 851 libro
323 811 442 862 post
463 811 691 850 mortem
713 809 822 862 ejus
845 820 875 849 a
896 808 1166 850 Schonero
1189 809 1343 859 edit0,
1374 811 1459 862 qui
1480 817 1702 854 vocatur
1726 812 1977 856 Canones
2000 849 2008 857 .
2029 849 2037 857 .
2059 849 2067 857 .
2092 816 2355 868 complec-

167 880 343 921 tentes
353 878 631 932 praecepta
647 878 703 920 et
716 877 1129 920 observationes
1145 878 1212 919 de
1228 879 1523 922 mutatione
1539 893 1685 924 aurae
1699 884 2079 939 (Norimbergae
2103 886 2245 938 1546),
2268 887 2355 928 ubi

165 950 592 1003 comparationes
612 949 937 1002 tempestatis
960 949 1257 991 observatae
1280 961 1401 991 cum
1424 953 1855 996 collocationibus
1872 956 2159 997 caelestium
2176 957 2355 998 ordine

164 1021 394 1063 instituit.
430 1019 539 1062 Nec
571 1019 809 1072 Tychoni
840 1019 1075 1073 ignotum
1109 1030 1223 1061 esse
1256 1024 1476 1072 poterat,
1512 1022 1931 1067 VICTORINUM
1967 1026 2356 1068 SCHOENFEL—

165 1091 345 1134 DIUM
376 1091 810 1144 Marpurgensem
839 1090 891 1131 in
912 1088 1266 1142 prognostico
1292 1091 1617 1144 astrologico
1644 1094 1773 1134 anni
1799 1095 1910 1136 1567
1934 1108 2026 1149 per
2048 1109 2212 1139 annos
2235 1099 2357 1139 duo-

165 1162 408 1216 deviginti
429 1161 659 1214 quotidie
677 1173 792 1203 sese
805 1164 1177 1214 tempestatem
1200 1165 1481 1203 annotasse
1502 1164 1736 1206 retulisse
1755 1170 1804 1206 et
1821 1167 2095 1218 periodum
2112 1172 2357 1220 quattuor

166 1244 427 1274 annorum
447 1231 707 1273 invenisse
727 1232 824 1273 sibi
844 1232 1016 1274 visum
1038 1243 1167 1281 esse,
1192 1244 1311 1284 quae
1333 1234 1758 1276 extraordinariis
1776 1240 1979 1277 tanturn
1995 1238 2356 1290 phaenomenis

165 1303 463 1346 caelestibus
483 1302 798 1345 turbaretur.
827 1303 866 1344 T
868 1302 1130 1345 YCHONI
1152 1314 1296 1353 vero,
1327 1304 1413 1356 qui
1434 1305 1751 1357 experientia
1772 1308 1884 1348 sola
1906 1308 2167 1357 niteretur,
2198 1309 2357 1350 mani-

166 1374 358 1417 festum
374 1385 488 1416 esse
504 1373 797 1427 oportebat,
821 1374 958 1427 leges
979 1374 1332 1416 mutationum
1353 1376 1692 1427 tempestatis,
1716 1376 1823 1418 sive
1845 1389 1908 1418 ex
1930 1379 2224 1420 caelestibus
2240 1391 2358 1432 pen-

166 1446 349 1487 derent
359 1445 469 1486 sive
481 1456 587 1487 non
598 1445 900 1498 penderent,
913 1445 1008 1486 nisi
1019 1456 1113 1498 per
1125 1445 1400 1487 continuas
1410 1444 1804 1489 observationes
1814 1450 2057 1501 cognosci
2071 1461 2175 1491 non
2187 1461 2354 1502 posse.

167 1516 349 1569 Itaque
371 1528 402 1557 a
422 1516 593 1569 primo
616 1515 698 1557 die
720 1515 914 1557 mensis
936 1515 1181 1558 Octobris
1203 1516 1325 1557 anni
1356 1515 1465 1557 1582
1487 1517 1760 1559 continuas
1777 1520 2139 1561 annotationes
2155 1521 2218 1561 de
2232 1524 2358 1561 tem-

166 1587 381 1640 pestatis
407 1590 596 1628 natura
624 1586 854 1639 quotidie
880 1586 1150 1628 faciendas
1172 1586 1391 1636 curavit,
1422 1598 1539 1638 quae
1561 1599 1725 1639 usque
1748 1589 1814 1630 ad
1834 1590 2064 1642 Aprilem
2087 1591 2207 1631 anni
2231 1590 2356 1641 1597,

167 1669 288 1699 cum
307 1657 552 1699 Hvenam
568 1657 873 1710 reliquisset,
897 1657 1219 1699 continuatae
1234 1660 1368 1707 sunt,
1390 1657 1695 1699 intermissis
1713 1662 1917 1701 tantum
1934 1661 2054 1702 anni
2073 1660 2182 1702 1584
2196 1661 2358 1702 tribus

167 1728 450 1779 mensibus,
475 1728 661 1781 quibus
682 1728 872 1769 ELIAS
894 1727 1056 1769 OLAI
1077 1728 1129 1770 in
1150 1728 1452 1770 Borussiam
1472 1728 1569 1769 iter
1589 1728 1786 1771 faciens
1802 1732 2211 1773 commentarios
2228 1732 2359 1772 diur-

167 1811 263 1842 nos
290 1811 473 1842 secum
500 1799 703 1841 ferebat
724 1802 774 1841 et
793 1799 846 1840 in
865 1799 925 1840 iis
944 1802 1316 1852 tempestatem
1345 1799 1649 1849 annotabat,
1678 1801 1922 1853 neglectis
1945 1801 2146 1843 Hvenae
2171 1803 2359 1843 eodem

165 1874 407 1924 tempore
438 1870 909 1913 observationibus.
942 1869 1001 1911 In
1029 1869 1108 1911 his
1140 1869 1536 1911 commentariis
1566 1870 1724 1923 ipsius
1750 1871 1788 1911 T
1790 1871 2010 1923 ychonis
2042 1884 2228 1913 manus
2256 1884 2360 1913 non

169 1945 402 1995 apparet,
425 1952 595 1994 neque
615 1944 797 1983 tamen
817 1940 1045 1983 dubitari
1064 1944 1251 1994 potest,
1275 1940 1398 1993 quin
1418 1940 1571 1994 hujus
1587 1942 1733 1995 jussu
1754 1941 1985 1984 inchoati
2007 1946 2055 1984 et
2077 1942 2362 1984 continuati

166 2012 288 2062 sint;
322 2012 440 2054 haec
475 2015 654 2054 autem
684 2011 855 2065 prima
886 2011 1320 2054 observationum
1351 2012 1883 2065 meteorologicarum
1913 2008 2071 2054 series
2101 2024 2264 2065 usque
2295 2014 2360 2054 ad

166 2083 306 2125 hunc
323 2083 464 2125 diem
478 2086 690 2125 servata
706 2087 797 2125 est.
816 2083 919 2125 Etsi
930 2094 1058 2125 vero
1074 2082 1184 2124 sine
1198 2094 1296 2124 usu
1311 2082 1781 2125 instrumentorum
1797 2083 2190 2125 observationes
2206 2083 2360 2124 factae

168 2157 318 2196 erant
344 2153 533 2210 (neque
566 2154 706 2196 enim
737 2154 1104 2196 barometrum
1134 2164 1230 2195 nec
1259 2153 1703 2196 thermometrum
1736 2154 2006 2195 inventurn
2040 2155 2183 2208 erat),
2217 2157 2361 2195 tanta

166 2228 347 2267 tamen
378 2236 506 2267 cura
536 2225 907 2267 commentarii
937 2224 1165 2267 confecti
1193 2228 1327 2275 sunt,
1362 2227 1418 2265 ut
1448 2236 1634 2266 eorum
1665 2225 1856 2267 auxilio
1886 2224 2191 2267 confirmari
2220 2227 2363 2277 potu—

168 2296 278 2347 erit,
306 2295 440 2338 inter
466 2296 601 2338 aeris
630 2296 955 2349 qualitatem,
985 2307 1104 2348 quae
1127 2295 1331 2337 Hvenae
1360 2298 1409 2337 et
1436 2295 1564 2337 locis
1589 2295 2082 2349 circumjacentibus
2102 2298 2362 2336 trecentos

168 2378 336 2409 annos
357 2367 548 2410 abhinc
571 2370 684 2409 erat
705 2370 755 2409 et
775 2378 913 2409 nunc
933 2369 1025 2417 est,
1048 2367 1264 2417 nullam,
1288 2378 1407 2419 quae
1424 2366 1637 2419 quidem
1653 2366 1900 2420 cognosci
1914 2366 2090 2419 possit,
2114 2364 2364 2407 dissimili-

166 2438 404 2480 tudinem
433 2438 772 2480 intercedere.
810 2438 991 2490 Neque
1022 2441 1203 2479 tamen
1236 2449 1329 2490 per
1360 2437 1459 2479 hos
1492 2437 1905 2479 commentarios
1940 2436 2218 2489 quaesitum
2252 2447 2364 2477 esse

169 2509 390 2560 videtur,
413 2521 541 2550 num
562 2520 618 2551 re
633 2520 761 2551 vera
777 2508 1213 2551 collocationibus
1228 2509 1562 2561 planetarum
1575 2511 1862 2561 tempestas
1878 2510 2200 2556 moveretur;
2224 2507 2362 2558 quod

169 2579 289 2622 inde
310 2579 534 2622 fortasse
555 2579 929 2633 explicandum
950 2582 1042 2630 est,
1073 2579 1214 2631 quod
1235 2578 1605 2631 praedictiones
1627 2578 1983 2631 astrologicas,
2013 2577 2109 2618 nisi
2135 2588 2364 2618 summa-

168 2650 264 2692 tim
291 2650 545 2704 expositae
573 2654 737 2701 erant,
765 2650 948 2704 Tycho
974 2648 1352 2703 posterioribus
1377 2649 1525 2691 annis
1548 2649 1712 2702 magis
1735 2649 2003 2702 magisque
2024 2646 2360 2700 improbavit;

170 2720 267 2763 nisi
286 2720 468 2763 studiis
490 2721 859 2763 astronomicis
881 2720 1048 2774 magis
1069 2719 1378 2762 necessariis
1400 2731 1522 2762 eum
1542 2719 1853 2772 impeditum
1875 2730 1987 2760 esse
2008 2718 2178 2771 potius
2205 2717 2364 2770 suspi-

171 2791 319 2842 ceris,
343 2803 446 2844 quo
470 2791 642 2833 minus
663 2792 715 2834 in
733 2791 925 2834 talibus
946 2791 1102 2833 rebus
1122 2794 1331 2843 tempus
1354 2793 1704 2832 consumeret.

175 2863 222 2968 I
368 2862 596 2904 TYCHO
613 2874 737 2904 cum
752 2862 849 2904 sibi
863 2861 1236 2916 proposuisset,
1259 2864 1315 2902 ut
1330 2872 1514 2903 omnes
1531 2860 1785 2903 doctrinae
1802 2859 2174 2901 astronomicae
2189 2862 2362 2911 partes

317 2949 336 2969 ο
370 2932 701 2984 instauraret,
725 2944 1077 2986 quaecumque
1098 2931 1390 2985 reperisset,
1413 2931 1465 2972 in
1484 2931 1662 2985 ingens
1678 2942 1809 2984 opus
1824 2942 1937 2972 sese
1953 2931 2240 2971 relaturum
2255 2939 2364 2980 spe-

171 3004 339 3054 rabat,
363 3004 505 3056 quod
524 3003 782 3057 imprimis
800 3015 1001 3046 novum
1015 3015 1170 3045 suum
1186 3003 1487 3055 catalogum
1502 3003 1772 3043 stellarum
1789 3000 2140 3042 exhibiturum
2157 3002 2290 3039 esset
2304 2997 2364 3038 si-

172 3075 282 3115 mul
297 3085 422 3115 cum
436 3073 782 3116 fundamento
797 3074 1000 3117 ratione
1017 3073 1329 3127 excogitato,
1353 3084 1456 3125 quo
1472 3084 1639 3114 novas
1654 3073 1985 3125 planetarum
1999 3070 2221 3117 tabulas,
2245 3079 2361 3120 quae

172 3144 366 3186 ibidem
382 3144 698 3198 recipiendae
714 3148 878 3195 erant,
895 3145 986 3187 niti
1002 3146 1282 3198 oporteret.
1308 3143 1377 3185 Ut
1391 3142 1511 3184 huic
1533 3142 1780 3184 »Theatro
1799 3140 2199 3189 astronomico«,
2224 3138 2362 3190 quod

171 3214 467 3257 studiorum
489 3216 598 3270 ejus
617 3227 889 3257 summam
909 3216 1149 3270 praebere
1171 3217 1452 3267 oporteret,
1476 3212 1624 3265 quasi
1644 3213 1991 3265 prodromum
2006 3209 2360 3263 praemitteret,

171 3285 272 3327 tria
292 3286 564 3327 volumina
586 3285 920 3328 conscribere
941 3286 993 3327 in
1014 3285 1192 3327 animo
1213 3284 1460 3333 habebat,
1490 3295 1608 3335 quae
1636 3282 1989 3335 phaenomena
2014 3279 2177 3332 magis
2200 3282 2362 3319 extra-

174 3356 455 3407 ordinaria,
478 3367 677 3398 novam
697 3357 905 3398 stellam
927 3356 1050 3398 anni
1074 3355 1200 3404 1572,
1224 3365 1476 3406 magnum
1498 3356 1766 3395 cometam
1788 3352 1909 3393 anni
1934 3351 2041 3391 1577
2058 3352 2362 3398 ceterosque

321 3439 386 3480 (E)
