2678 4069
220 82 309 133 148
628 75 738 126 DE
767 68 1283 124 DISCIPLINIS
1310 64 1990 118 MATHEMATICIS

219 222 435 283 origine
468 220 723 280 primum
756 214 1033 270 dicamus,
1069 209 1208 273 quid
1237 208 1473 260 Adamo
1507 210 1749 270 eiusque
1782 206 1917 271 filijs
1950 205 2284 270 antiquius?
2317 207 2404 257 Ex

218 290 425 353 quibus
459 286 595 337 Seth
627 284 885 335 siderum
919 283 1310 345 cognitionem
1341 279 1612 329 invenisse
1646 285 1699 328 et
1731 277 1966 341 posteris
1998 277 2295 337 tradidisse,
2330 277 2402 328 ab

218 361 437 417 eodem,
473 357 541 408 de
576 371 692 418 quo
727 354 996 412 diximuS‚
1025 350 1282 414 Josepho
1316 351 1589 401 asseritur:
1622 355 1923 411 totamque
1957 354 2190 399 aetatem
2218 347 2402 399 obser-

216 430 422 481 uandis
445 434 497 478 et
517 424 938 490 perscrutandis
958 422 1208 473 siderum
1233 420 1488 472 motibus
1515 419 1863 483 impendffie,
1893 425 1946 469 et
1972 418 2211 470 tandem
2235 418 2403 470 binas

216 499 510 551 extruxisse
550 497 871 554 columnaS‚
912 492 1122 557 quibus
1161 495 1400 543 inventa
1437 491 1554 550 sua,
1594 506 1668 541 ne
1702 505 1971 553 unquam
2004 505 2034 540 e
2067 488 2405 540 mortalium
2454 501 2475 535 5

214 571 498 621 memoria
518 570 786 631 perirent,
807 563 1191 628 insculpserat.
1224 563 1293 613 Et
1314 564 1453 625 quia
1472 560 1870 612 memorabilis
1892 560 1966 611 est
1984 559 2080 611 iste
2101 560 2280 620 locus,
2303 576 2404 611 au-

214 642 441 692 diamus
480 642 673 702 ipsum
705 635 1027 700 Josephum
1066 634 1136 685 de
1175 633 1560 697 antiquissima
1599 632 1996 683 Astronomiae
2036 633 2257 695 origine
2296 647 2405 690 nos

214 709 848 762 commonefacientem.
881 706 971 758 Sic
1001 708 1171 769 igitur
1200 703 1385 755 scribit
1414 703 1509 754 lib.
1532 703 1572 754 Ι.
1603 703 1702 753 Ex
1725 701 1914 754 huius
1934 700 2165 753 Adami
2190 700 2405 754 liberis
2455 713 2483 755 †

214 782 364 833 Seth
393 781 707 839 educatuS,
738 776 843 830 ubi
866 792 939 829 eo
961 775 1169 828 aetatis
1191 773 1376 835 venit,
1409 776 1475 826 ut
1488 772 1640 841 jam,
1671 774 1833 839 quod
1854 769 2086 825 rec‘tum
2114 770 2266 836 esset,
2297 770 2405 837 dis-

213 866 470 904 cernere
493 851 746 910 valeret,
772 847 1022 900 Virtutis
1035 844 1249 913 ftudr’js
1262 843 1332 910 se
1354 848 1546 897 totum
1569 843 1756 897 dedit:
1777 846 1999 896 etcum
2020 842 2122 895 Vir
2136 842 2406 909 optimus

212 920 487 986 eVasisset‚
512 920 699 973 etiam
720 922 982 985 nepotes
995 915 1096 983 sui
1112 916 1463 968 imitatores
1483 914 1746 981 reliquit,
1771 913 1888 981 qui,
1913 913 2205 980 quoniam
2226 917 2410 966 erant

213 1008 430 1045 omnes
445 993 605 1044 bona
619 991 824 1042 indole
834 988 1098 1056 praediti,
1116 991 1180 1040 et
1185 987 1458 1054 patriam
1475 987 1710 1052 absque
1718 983 2021 1051 seditione
2034 984 2403 1047 incolebant,

210 1064 273 1115 in
289 1066 593 1129 perpetua
615 1061 911 1115 felicitate
935 1060 1127 1112 Vitam
1150 1058 1499 1125 exigebant,
1527 1056 2028 1123 sapientiamque
2056 1055 2404 1109 coelestium

212 1149 420 1187 rerum
443 1137 626 1199 atque
648 1135 933 1185 ornatum
953 1130 1545 1183 animaduerterunt.
1568 1129 1662 1180 Ne
1678 1130 1885 1180 autem
1900 1128 2039 1179 haec
2053 1127 2312 1180 inventa
2327 1142 2409 1180 ex

211 1205 529 1257 hominum
556 1203 786 1256 noticia
814 1202 1247 1262 dilaberentur,
1277 1215 1417 1252 cum
1438 1200 1723 1251 Adamus
1752 1196 2167 1264 universalem
2194 1213 2404 1251 rerum

211 1275 526 1328 interitum
555 1275 690 1327 fore
710 1270 1095 1340 praedixisset,
1127 1287 1318 1324 vnum
1344 1269 1646 1332 incendiO,
1677 1269 1908 1322 diluuio
1934 1271 2214 1331 alterum,
2244 1269 2404 1322 exci-

213 1350 423 1399 tarunt
448 1348 604 1398 duas
631 1347 970 1405 columnaS,
1005 1345 1266 1396 alteram
1296 1341 1660 1402 latericiam,
1693 1342 1957 1393 alteram
1986 1340 2312 1407 lapideam,
2345 1343 2409 1393 et

214 1417 455 1483 vtrique
477 1415 592 1482 sua
621 1416 879 1469 inventa
907 1412 1371 1480 insculpserunt,
1409 1415 1478 1464 vt
1499 1410 1549 1478 fi
1575 1411 1923 1464 latericiam
1956 1411 2186 1464 diluuio
2214 1411 2409 1464 deleri

213 1489 615 1555 contingeret,
638 1487 883 1554 lapidea
903 1482 1214 1552 superstes
1233 1483 1590 1537 hominibus
1608 1480 1879 1548 discendi
1892 1482 2134 1549 copiam
2151 1481 2402 1544 faceret,

213 1563 275 1612 et
294 1574 431 1626 quae
451 1557 744 1625 inscripta
772 1556 1139 1618 continebat,
1168 1553 1504 1622 spedtanda
1529 1553 1865 1607 exhiberet.
1888 1549 1908 1621 ΙΙ
1930 1554 2081 1605 Haec
2096 1553 2403 1618 Josephus‚

213 1634 313 1694 qui
342 1631 572 1695 insuper
602 1631 774 1690 addit,
806 1629 964 1693 quod
994 1644 1115 1679 una
1146 1643 1351 1679 earum
1379 1627 1481 1678 suo
1510 1633 1772 1690 tempore
1802 1628 1863 1677 in
1893 1625 2059 1690 Syria
2086 1625 2279 1677 adhuc
2310 1641 2403 1676 ex-

211 1705 397 1753 titerit.
432 1702 487 1752 A
516 1704 717 1766 primis
746 1716 890 1752 uero
920 1699 1010 1751 his
1040 1699 1257 1751 Adami
1287 1698 1438 1762 filijs,
1472 1697 1546 1749 ad
1578 1713 1784 1748 eorum
1812 1696 2162 1757 successores‚
2197 1703 2249 1747 et
2279 1703 2403 1748 tan-

213 1774 346 1824 dem
367 1773 440 1824 ad
461 1771 824 1824 Patriarchas
847 1770 1181 1822 descendisse
1202 1776 1494 1821 astrorum
1514 1768 1810 1819 scientiam
1832 1767 2101 1819 credibile
2124 1774 2229 1827 est;
2254 1768 2403 1819 adeo

214 1843 370 1908 quod
391 1844 546 1895 idem
567 1858 763 1894 rerum
777 1842 1155 1903 Judaicarum
1175 1841 1410 1904 scriptor
1430 1856 1553 1891 non
1574 1840 1792 1891 dubitet
1813 1839 2179 1903 subjungere,
2207 1839 2403 1890 Abra-

211 1916 464 1966 hamum
497 1913 926 1966 Patriarcbam
961 1927 1042 1965 ex
1076 1911 1171 1979 1‘J's,
1214 1925 1353 1977 quae
1387 1910 1636 1963 Videbat
1673 1909 1842 1962 circa
1876 1909 2101 1971 Solem,
2142 1910 2400 1971 Lunam,

214 1989 276 2038 et
299 1984 537 2051 reliqua
557 1982 754 2050 sidera
781 1998 1101 2050 apparere,
1125 1982 1398 2049 primum
1427 1980 1701 2034 omnium
1725 1980 1968 2033 Vicinos
1994 1980 2283 2034 homines
2305 1982 2402 2033 do-

214 2054 404 2120 cuisse,
441 2070 630 2107 vnum
665 2053 775 2119 esse
808 2056 1024 2116 Deum,
1059 2068 1269 2106 rerum
1306 2050 1720 2118 vniuersitatis
1754 2051 2135 2105 conditorem
2169 2055 2232 2104 et
2263 2067 2402 2104 con-

206 2125 618 2192 fideratorem,
648 2125 826 2178 cuius
850 2124 1155 2178 voluntati
1174 2124 1381 2176 omnia
1401 2123 1465 2175 in
1486 2139 1697 2176 rerum
1719 2126 1945 2175 natura
1967 2121 2405 2189 obsecundent:

214 2201 277 2250 et
294 2200 628 2264 propterea
653 2196 798 2249 huic
816 2195 935 2262 soli
957 2198 1257 2248 honorem
1286 2198 1348 2248 et
1366 2194 1615 2262 gratias
1639 2195 1716 2246 ab
1735 2193 2092 2246 bominibus
2114 2192 2224 2258 esse
2244 2193 2402 2247 refe·

211 2269 456 2320 rendas.
492 2269 656 2328 Haec,
688 2271 948 2331 inquam,
983 2268 1054 2319 ab
1089 2274 1380 2319 astrorum
1412 2269 1645 2317 aeternis
1679 2273 1732 2317 et
1765 2266 2124 2317 admirandis
2158 2268 2400 2317 circuiti-

210 2340 317 2391 bus
348 2340 605 2399 didicisse,
639 2339 902 2402 aliosque
936 2339 1178 2390 docuisse
1209 2337 1621 2389 Abrahamum
1653 2344 1893 2388 testatur
1918 2335 2225 2401 Josephus.
2261 2353 2400 2388 eun-

211 2411 459 2473 demque
490 2426 611 2461 non
642 2413 721 2461 ita
750 2410 850 2461 diu
875 2416 1004 2473 post
1031 2413 1092 2460 in
1118 2409 1418 2473 AEgiptum
1445 2407 1768 2472 prosc-:etum
1795 2409 1896 2459 esse
1924 2410 2019 2468 ait,
2051 2414 2225 2471 atque
2253 2411 2402 2459 inter

210 2481 327 2532 alia
346 2481 645 2545 AEgiptios,
673 2497 795 2531 non
820 2481 1008 2531 solum
1034 2495 1419 2532 numerorum
1439 2479 1751 2539 scientiam,
1779 2485 2040 2543 utsupra
2061 2479 2195 2539 dixi,
2225 2479 2326 2530 sed
2348 2486 2401 2530 et

209 2552 650 2603 Astronomiam
689 2552 952 2603 docuisse:
994 2567 1063 2602 eo
1098 2551 1255 2615 quod
1294 2551 1378 2601 illi
1411 2557 1545 2602 ante
1578 2549 1906 2602 Abrahami
1940 2550 2014 2601 ad
2048 2565 2148 2601 eos
2181 2550 2399 2601 aduen-

210 2629 334 2673 tum
360 2622 536 2673 huius
564 2625 699 2673 artis
723 2625 908 2686 ignari
931 2624 1111 2674 essent.
1141 2621 1366 2673 Similia
1386 2621 1571 2682 Philo,
1594 2622 1623 2683 J
1627 2621 1972 2672 udaicarum
2000 2623 2176 2672 etiam
2203 2636 2400 2672 rerum

209 2693 457 2757 scriptor,
493 2700 545 2744 et
578 2692 968 2757 philosophiae
1002 2693 1317 2744 Platonicae
1350 2709 1472 2744 non
1504 2696 1757 2757 ignarUS‚
1792 2692 1862 2743 de
1892 2691 2238 2743 Abrahamo
2269 2708 2399 2743 nar-

210 2770 312 2823 rat,
341 2779 517 2826 quem
544 2764 684 2815 dum
705 2764 902 2815 Deum
928 2764 1128 2815 saltem
1155 2780 1226 2815 ex
1255 2764 1579 2815 coelestium
1607 2779 1920 2827 corporum
1942 2762 2398 2814 confideratione

210 2835 461 2893 nouisset‚
497 2841 549 2885 et
581 2836 973 2886 Astronomus
1007 2836 1147 2894 esset,
1181 2835 1405 2886 Abram
1437 2837 1709 2898 primum,
1743 2834 1937 2898 postea
1968 2849 2125 2894 vero,
2160 2849 2294 2885 cum
2328 2849 2399 2885 ex

210 2905 323 2955 Dei
353 2905 631 2968 peculiari
661 2906 817 2956 dono
844 2905 1178 2969 Theologus
1208 2921 1329 2957 una
1358 2904 1541 2957 saclus
1569 2906 1709 2965 esset,
1740 2904 2152 2956 Abrahamum
2182 2903 2398 2956 dictum

211 2976 328 3026 esse.
352 2976 510 3026 Hinc
531 2978 725 3038 itaque
746 2983 916 3039 patet,
939 2992 974 3027 a
994 2979 1195 3040 primis
1210 2976 1547 3040 parentibus
1563 2979 1756 3027 statim
1771 2978 1922 3026 circa
1936 2976 2142 3027 mundi
2158 2976 2398 3027 exordia

209 3049 500 3110 inceptam
527 3047 628 3097 esse
656 3054 946 3097 astrorum
968 3049 1373 3111 cognitionem,
1403 3054 1455 3098 et
1476 3047 1611 3098 inde
1632 3047 1707 3098 ad
1727 3046 2093 3098 Patriarchas
2115 3045 2275 3110 quafi
2295 3061 2398 3110 per

209 3132 421 3168 manus
448 3117 733 3177 traditam,
763 3133 949 3180 eoque
971 3118 1027 3168 id
1048 3117 1413 3169 verisimilius
1437 3124 1520 3169 est
1548 3117 1728 3182 (quod
1750 3124 1804 3169 et
1824 3117 2395 3238 praenominatusgo-

2180 3203 2281 3252 sep
2328 3203 2397 3238 us

2460 855 2501 889 10

2459 1211 2500 1245 15

2452 2277 2498 2311 30

2447 2986 2494 3020 40
