2678 4069
742 315 1408 370 PROLEGOMENA
1437 322 1836 377 EDITORIS
2307 329 2378 379 LI

192 452 294 494 hoc
321 455 530 505 tempus
557 452 856 503 definiebat,
886 465 1007 495 cum
1036 455 1121 496 Sol
1150 456 1229 497 450
1258 458 1322 500 ab
1351 460 1675 512 aequinoctiis
1702 467 1829 513 erat,
1859 464 1909 505 in
1936 466 2118 507 mediis
2138 466 2309 508 Tauro
2331 471 2380 508 et

193 523 386 573 Leone,
414 534 539 564 cum
562 523 881 576 Copernicus
902 524 1041 566 idem
1064 525 1272 569 fecisset
1292 528 1342 569 in
1363 529 1648 583 Scorpione
1669 536 1718 574 et
1739 534 1984 586 Aquario,
2014 547 2144 588 quos
2169 540 2381 590 propter

192 605 417 646 parvam
450 593 582 635 Solis
617 594 944 636 altitudinem
978 597 1341 650 majoremque
1374 602 1656 651 parallaxis
1690 607 1739 644 et
1771 604 2097 648 refractionis
2131 607 2378 649 effectum

193 665 358 706 multo
379 664 475 706 illis
497 664 670 706 minus
692 668 844 718 aptos
863 676 978 707 esse
994 670 1135 708 recte
1152 668 1221 708 ait
1235 668 1430 721 Tycho.
1456 671 1512 712 In
1528 673 1741 726 Apogaei
1756 675 2070 728 longitudine
2086 677 2379 719 definienda

193 734 378 777 melius
400 735 500 788 egit
521 747 683 788 quam
705 735 1040 789 Copernicus.
1070 737 1269 779 Invenit
1290 740 1428 781 enim
1449 741 1529 782 950
1549 742 1625 783 30‘
1650 755 1771 784 cum
1795 757 1968 788 annuo
1991 750 2137 788 motu
2157 747 2264 797 45¹2
2294 748 2379 800 qui

191 805 285 847 61¹¹
305 816 420 847 esse
442 805 640 857 debuit;
671 806 990 859 Copernicus
1011 806 1283 850 invenerat
1303 810 1411 860 24¹¹,
1441 812 1526 864 qui
1548 826 1795 856 numerus
1817 816 1966 869 longe
1987 817 2200 860 inferior
2220 831 2379 871 quam

192 876 559 929 praecessionis
586 879 677 919 est.
711 877 842 918 Cum
869 888 997 919 vero
1024 878 1108 920 hic
1136 880 1491 932 aequationem
1519 885 1680 925 centri
1708 887 1864 937 paulo
1890 887 2147 929 minorem
2175 889 2380 931 fecisset

193 959 354 1000 quam
376 947 554 989 debuit
573 947 865 1001 (invenerat
886 947 1025 989 enim
1052 949 1098 989 lO
1118 950 1168 990 51
1186 952 1195 967 ¹
1219 962 1315 1003 pro
1342 952 1387 991 1Ο
1406 953 1462 993 55
1477 954 1520 1007 ’),
1542 954 1721 1006 Tycho
1741 967 1859 997 eam
1875 957 2027 999 nimis
2044 970 2234 1012 magno
2250 960 2381 1001 aesti-

191 1017 372 1068 mavit,
394 1018 446 1059 2⁰
466 1018 547 1068 35,
571 1030 691 1072 quae
713 1019 997 1072 respondet
1018 1021 1393 1063 eccentricitati
1415 1024 1599 1066 orbitae
1621 1025 1767 1069 0.03584.
1799 1027 2032 1079 Spatium
2055 1029 2175 1070 anni
2195 1030 2380 1083 tropici

192 1100 220 1130 e
248 1089 649 1142 comparatione
675 1101 893 1131 suarum
922 1090 1355 1133 observationum
1383 1105 1504 1135 cum
1527 1095 1839 1147 quibusdam
1862 1098 2214 1140 WALTHERI
2242 1100 2380 1154 (quae

193 1159 462 1202 altitudine
482 1160 603 1213 poli,
633 1172 753 1213 quae
777 1160 1140 1214 Norimbergae
1165 1165 1257 1212 est,
1288 1165 1584 1206 accuratius
1606 1166 1817 1208 definita
1839 1169 2009 1210 denuo
2033 1170 2098 1210 ad
2121 1171 2379 1212 calculum

191 1234 401 1273 vocatae
422 1230 560 1287 sunt)
579 1231 777 1273 invenit
797 1243 912 1274 esse
932 1231 1046 1274 365d
1060 1233 1115 1273 5¹¹
1130 1232 1227 1274 48¹¹²
1242 1232 1337 1284 458,
1361 1246 1464 1275 una
1482 1235 1589 1277 fere
1604 1240 1751 1289 parte
1766 1240 1997 1280 secunda
2012 1240 2197 1290 minus,
2221 1253 2380 1293 quam

192 1313 249 1344 re
277 1313 406 1344 vera
436 1304 528 1344 est.
563 1301 656 1344 His
687 1303 957 1345 elementis
984 1315 1109 1345 usus
1137 1315 1304 1346 novas
1330 1305 1536 1347 tabulas
1564 1307 1770 1349 Solares
1798 1309 2036 1359 confecit,
2067 1322 2184 1362 quae
2212 1311 2381 1352 minus

193 1385 354 1426 quam
375 1372 561 1415 minuti
581 1377 731 1427 parte
753 1374 819 1416 ab
837 1374 1294 1416 observationibus
1309 1375 1693 1429 discrepabant,
1718 1390 1837 1420 cum
1854 1380 2189 1432 Alphonsinae
2205 1385 2254 1422 et
2269 1383 2382 1422 Pru-

191 1443 381 1486 tenicae
407 1444 604 1486 tabulae
636 1444 709 1485 15¹
732 1446 815 1486 vel
842 1445 920 1486 20⁴
950 1457 1093 1498 saepe
1121 1446 1452 1488 erravissent.
1486 1447 1849 1501 Compluribus
1877 1462 1941 1491 ex
1967 1451 2041 1501 iis,
2072 1451 2380 1503 quibuscum

192 1515 484 1557 litterarum
507 1516 832 1559 commercio
849 1516 1061 1570 junctus
1083 1519 1211 1567 erat,
1235 1516 1366 1559 Solis
1388 1517 1749 1571 ephemerides
1770 1520 1922 1571 misit,
1952 1534 2070 1574 quae
2091 1522 2379 1563 secundum

193 1598 361 1629 novas
380 1586 589 1629 tabulas
609 1590 908 1640 supputatae
930 1590 1094 1629 erant.

253 1658 508 1708 Quamvis
529 1658 823 1711 probandae
841 1658 1033 1699 fuerint
1047 1658 1133 1701 hae
1148 1658 1521 1712 inquisitiones,
1540 1660 1697 1703 nihilo
1712 1664 1891 1703 tamen
1905 1662 2231 1704 aestimandae
2246 1666 2379 1712 sunt,

192 1729 235 1771 si
256 1740 379 1771 cum
400 1728 460 1771 iis
481 1732 876 1782 comparantur,
902 1741 1021 1782 quae
1044 1730 1108 1771 de
1131 1730 1296 1772 Lunae
1318 1733 1466 1773 motu
1487 1733 1743 1784 praeclare
1762 1732 1941 1785 Tycho
1964 1733 2169 1774 invenit.
2201 1733 2315 1775 Hoc
2338 1732 2382 1774 ei

194 1799 422 1853 contigit,
446 1811 508 1842 eo
532 1800 674 1853 quod
694 1800 814 1842 inde
837 1800 902 1842 ab
926 1812 1065 1843 anno
1092 1800 1203 1843 1582
1225 1801 1432 1843 Lunam
1454 1803 1873 1845 constantissime
1895 1804 2283 1853 observaverat,
2314 1806 2384 1845 at-

195 1883 295 1925 que
321 1871 373 1914 id
401 1870 629 1924 quidem,
660 1874 916 1924 quantum
943 1871 1057 1913 fieri
1083 1875 1306 1925 poterat,
1334 1872 1386 1913 in
1412 1876 1607 1925 puncto
1636 1868 2025 1927 nonagesimali,
2053 1874 2082 1916 i.
2106 1886 2148 1916 e.
2175 1886 2236 1916 eo
2264 1875 2381 1916 loco

193 1945 369 1985 motus
392 1943 558 1984 Lunae
580 1941 765 1992 diurni,
794 1942 883 1985 ubi
903 1942 1122 1985 latitudo
1144 1944 1273 1994 sola,
1302 1955 1408 1985 non
1429 1944 1711 1997 longitudo,
1740 1945 2004 2002 parallaxi-
2022 1945 2259 1987 afficitur.
2291 1945 2384 1985 Ne-

195 2025 295 2067 que
321 2016 378 2055 ut
405 2013 698 2056 astronomi
724 2013 926 2067 priores
953 2013 1079 2056 satis
1106 2014 1339 2056 habebat
1365 2025 1485 2056 eam
1513 2015 1779 2069 praecipue
1806 2016 1856 2057 in
1876 2015 2102 2069 syzygiis
2123 2019 2173 2057 et
2192 2016 2243 2057 in
2264 2028 2385 2068 qua-

194 2084 420 2126 draturis
443 2085 745 2135 observare,
767 2085 861 2127 sed
882 2096 976 2138 per
995 2088 1164 2128 totam
1187 2085 1415 2128 orbitam
1436 2090 1763 2128 menstruam
1786 2086 2062 2140 quotannis
2084 2098 2202 2128 eam
2218 2097 2385 2139 perse-

195 2156 467 2209 quebatur.
503 2155 816 2198 Constanter
842 2155 1002 2197 etiam
1030 2156 1256 2210 deliquia
1285 2157 1606 2199 observabat
1633 2161 1682 2199 et
1709 2158 1826 2199 loca
1854 2157 2134 2199 observata
2162 2168 2282 2198 cum
2309 2156 2382 2206 iis,

195 2238 315 2279 quae
337 2238 365 2268 e
385 2226 576 2269 tabulis
597 2229 881 2280 supputata
903 2230 1068 2277 erant,
1092 2226 1395 2280 frequenter
1416 2228 1780 2281 comparabat.

254 2297 570 2339 Invenerant
593 2297 705 2351 jam
734 2297 923 2348 Graeci,
956 2297 1149 2340 lineam
1180 2299 1444 2340 nodorum
1477 2298 1624 2340 annis
1659 2299 1734 2345 18}
1760 2310 1853 2352 per
1883 2298 1998 2340 caeli
2019 2297 2291 2340 circuitum
2319 2296 2384 2338 ab

195 2367 394 2410 oriente
428 2368 682 2410 adversus
715 2368 1046 2411 occidentem
1080 2368 1423 2419 circumferri,
1456 2381 1579 2411 cum
1609 2369 1743 2411 linea
1779 2369 2019 2423 apsidum
2046 2368 2073 2410 9
2100 2368 2206 2409 fere
2240 2366 2386 2408 annis

195 2438 461 2481 contraria
474 2438 761 2481 directione
771 2439 1214 2482 circumferretur.
1230 2440 1684 2482 Eccentricitatem
1695 2440 1968 2482 definierat
1978 2437 2385 2480 HIPPARCHUS

193 2512 244 2551 et
258 2509 552 2551 maximam
568 2510 925 2563 aequationem
942 2510 1107 2553 centri
1121 2510 1394 2553 invenerat
1411 2512 1461 2552 5⁰
1487 2511 1503 2552 l
1523 2513 1547 2552 ⁴.
1572 2512 1903 2553 Intellexerat
1917 2513 2109 2560 autem,
2129 2509 2265 2550 hanc
2282 2519 2386 2549 non

193 2592 404 2634 semper
423 2592 537 2622 rem
559 2580 838 2634 explicare,
861 2582 954 2623 sed
975 2593 1098 2623 cum
1120 2581 1518 2624 observationes
1534 2583 1789 2632 deessent,
1812 2581 2011 2634 longius
2026 2578 2267 2633 progredi
2282 2590 2387 2620 non

193 2654 452 2705 potuerat.
470 2651 858 2693 PTOLEMAEO
871 2663 999 2694 vero
1014 2652 1241 2706 contigit,
1252 2656 1309 2694 ut
1324 2654 1639 2695 »secundam
1651 2652 2106 2705 inaequalitatem«,
2119 2661 2237 2703 quae
2249 2659 2385 2689 nunc

195 2721 397 2764 evectio
426 2723 733 2776 appellatur,
762 2722 1033 2774 inveniret,
1062 2726 1113 2765 et
1135 2723 1426 2777 Hipparchi
1450 2723 1713 2765 theoriam
1740 2723 1811 2764 ita
1837 2722 2130 2764 maximum
2153 2730 2385 2761 errorem

194 2792 435 2846 praebere
449 2793 656 2846 reperit,
673 2793 717 2835 si
732 2794 921 2836 eodem
937 2797 1193 2847 ternpore,
1212 2806 1316 2847 quo
1332 2794 1384 2835 in
1400 2795 1658 2847 quadrato
1675 2794 1806 2836 Solis
1823 2794 1971 2835 Luna
1988 2795 2137 2841 esset,
2154 2789 2386 2832 maxima

195 2867 332 2906 esset
352 2863 582 2917 aequatio
605 2864 784 2906 centri.
816 2864 983 2919 Hujus
1004 2865 1078 2906 rei
1098 2864 1169 2906 ita
1191 2865 1450 2907 rationem
1478 2864 1674 2915 habuit,
1703 2867 1760 2906 ut
1781 2865 1945 2906 Lunae
1967 2863 2260 2916 epicyclum
2281 2871 2385 2901 non

194 2934 246 2976 in
267 2934 463 2977 circulo
485 2934 754 2985 deferenti,
777 2935 829 2976 in
850 2935 997 2989 cujus
1019 2938 1200 2978 centro
1215 2936 1375 2977 Terra
1397 2939 1547 2985 esset,
1570 2936 1662 2977 sed
1683 2935 1734 2976 in
1756 2935 1951 2977 circulo
1968 2932 2261 2975 eccentrico
2278 2941 2386 2971 mo-

194 3005 306 3047 veri
336 3005 694 3055 arbitraretur,
730 3009 888 3059 atque
917 3006 1021 3048 hoc
1051 3006 1122 3047 ita
1154 3005 1381 3059 quidem,
1413 3009 1469 3047 ut
1498 3009 1673 3048 motus
1704 3004 1980 3058 angularis,
2016 3014 2172 3056 quem
2202 3002 2253 3042 in
2283 3001 2384 3041 hoc

195 3076 430 3126 haberet,
459 3087 566 3119 non
592 3087 657 3118 ex
685 3079 866 3119 centro
895 3076 1075 3119 circuli
1101 3076 1397 3127 deferentis,
1428 3077 1520 3118 sed
1543 3088 1570 3118 e
1590 3077 1749 3118 Terra
1778 3077 2090 3128 conspectus
2116 3069 2385 3124 aequabilis

195 3149 352 3197 esset3
377 3146 707 3189 evectionem
729 3150 907 3189 autem
929 3147 1212 3189 aestimavit
1237 3147 1282 3188 1⁰
1308 3147 1380 3188 19¹
1403 3147 1510 3188 30¹2
1538 3147 1638 3188 Sed
1660 3144 2113 3188 observationibus
2134 3139 2386 3194 sequenti-

196 3217 293 3259 bus
314 3217 572 3271 apparuit,
600 3221 800 3260 restare
821 3218 980 3259 etiam
1002 3218 1234 3271 aliquam
1254 3217 1678 3267 inconstantiam,
1708 3228 1826 3269 quae
1851 3215 2084 3257 nondum
2107 3212 2384 3265 explanata

197 3291 347 3338 esset,
377 3299 546 3340 neque
572 3291 754 3330 tamen
773 3289 1057 3331 Ptolemaeo
1087 3287 1314 3341 contigit,
1343 3291 1399 3329 ut
1424 3287 1633 3329 tertiam
1661 3284 2071 3338 inaequalitatem
2093 3283 2174 3323 vel
2202 3283 2382 3333 legem,

197 3357 281 3399 cui
302 3358 532 3401 obnoxia
554 3362 705 3410 esset,
734 3359 1003 3401 inveniret.
1036 3359 1152 3401 Hoc
1173 3359 1345 3401 solum
1366 3358 1527 3400 modo
1551 3355 2003 3400 observationibus
2024 3351 2282 3394 theoriam
2304 3361 2384 3391 ac-

339 3442 429 3483 (G‘)
