<?xml version="1.0" encoding="UTF-8"?>
<!DOCTYPE html PUBLIC "-//W3C//DTD XHTML 1.0 Transitional//EN"
    "http://www.w3.org/TR/xhtml1/DTD/xhtml1-transitional.dtd">
<html xmlns="http://www.w3.org/1999/xhtml" xml:lang="en" lang="en">
 <head>
  <title>
</title>
<meta http-equiv="Content-Type" content="text/html;charset=utf-8" />
  <meta name='ocr-system' content='tesseract 3.04.00' />
  <meta name='ocr-capabilities' content='ocr_page ocr_carea ocr_par ocr_line ocrx_word'/>
</head>
<body>
  <div class='ocr_page' id='page_1' title='image "./operaomniaedidit01brahuoft/operaomniaedidit01brahuoft_0068.png"; bbox 0 0 2678 4069; ppageno 0'>
   <div class='ocr_carea' id='block_1_1' title="bbox 258 156 1896 224">
    <p class='ocr_par' dir='ltr' id='par_1_1' title="bbox 258 156 1896 224">
     <span class='ocr_line' id='line_1_1' title="bbox 258 156 1896 224; baseline -0.009 -1"><span class='ocrx_word' id='word_1_1' title='bbox 258 174 355 224; x_wconf 93' lang='lat' dir='ltr'>LII</span> <span class='ocrx_word' id='word_1_2' title='bbox 800 161 1464 215; x_wconf 87' lang='lat' dir='ltr'><strong>PROLEGOMENA</strong></span> <span class='ocrx_word' id='word_1_3' title='bbox 1492 156 1896 211; x_wconf 91' lang='lat' dir='ltr'><strong>EDITORIS</strong></span> 
     </span>
    </p>
   </div>
   <div class='ocr_carea' id='block_1_2' title="bbox 250 295 2445 3182">
    <p class='ocr_par' dir='ltr' id='par_1_2' title="bbox 253 295 2441 775">
     <span class='ocr_line' id='line_1_2' title="bbox 258 295 2438 353; baseline -0.006 -2"><span class='ocrx_word' id='word_1_4' title='bbox 258 307 598 352; x_wconf 88' lang='lat' dir='ltr'>commodare</span> <span class='ocrx_word' id='word_1_5' title='bbox 618 302 826 352; x_wconf 78' lang='lat' dir='ltr'>studuit,</span> <span class='ocrx_word' id='word_1_6' title='bbox 854 304 910 343; x_wconf 90' lang='lat' dir='ltr'>ut</span> <span class='ocrx_word' id='word_1_7' title='bbox 930 301 1121 342; x_wconf 86' lang='lat' dir='ltr'>lineam</span> <span class='ocrx_word' id='word_1_8' title='bbox 1143 298 1384 353; x_wconf 91' lang='lat' dir='ltr'>apsidum</span> <span class='ocrx_word' id='word_1_9' title='bbox 1406 297 1627 351; x_wconf 90' lang='lat' dir='ltr'>epicycli</span> <span class='ocrx_word' id='word_1_10' title='bbox 1647 296 1693 353; x_wconf 91' lang='lat' dir='ltr'>(e</span> <span class='ocrx_word' id='word_1_11' title='bbox 1716 309 1820 350; x_wconf 90' lang='lat' dir='ltr'>qua</span> <span class='ocrx_word' id='word_1_12' title='bbox 1841 295 2122 346; x_wconf 89' lang='lat' dir='ltr'>anomalia,</span> <span class='ocrx_word' id='word_1_13' title='bbox 2145 295 2174 337; x_wconf 92' lang='lat' dir='ltr'>i.</span> <span class='ocrx_word' id='word_1_14' title='bbox 2196 307 2238 337; x_wconf 90' lang='lat' dir='ltr'>e.</span> <span class='ocrx_word' id='word_1_15' title='bbox 2262 298 2438 338; x_wconf 87' lang='lat' dir='ltr'>motus</span> 
     </span>
     <span class='ocr_line' id='line_1_3' title="bbox 255 366 2439 431; baseline -0.006 -11"><span class='ocrx_word' id='word_1_16' title='bbox 255 381 305 420; x_wconf 91' lang='lat' dir='ltr'>in</span> <span class='ocrx_word' id='word_1_17' title='bbox 327 377 576 431; x_wconf 86' lang='lat' dir='ltr'>epicyclo,</span> <span class='ocrx_word' id='word_1_18' title='bbox 604 373 803 415; x_wconf 90' lang='lat' dir='ltr'>initium</span> <span class='ocrx_word' id='word_1_19' title='bbox 826 382 1015 424; x_wconf 83' lang='lat' dir='ltr'>capere</span> <span class='ocrx_word' id='word_1_20' title='bbox 1037 369 1452 424; x_wconf 77' lang='lat' dir='ltr'>existimabatur)</span> <span class='ocrx_word' id='word_1_21' title='bbox 1478 379 1585 411; x_wconf 92' lang='lat' dir='ltr'>non</span> <span class='ocrx_word' id='word_1_22' title='bbox 1606 368 1860 409; x_wconf 87' lang='lat' dir='ltr'>adversus</span> <span class='ocrx_word' id='word_1_23' title='bbox 1878 366 2111 417; x_wconf 85' lang='lat' dir='ltr'><strong>Terram,</strong></span> <span class='ocrx_word' id='word_1_24' title='bbox 2139 366 2232 408; x_wconf 91' lang='lat' dir='ltr'>sed</span> <span class='ocrx_word' id='word_1_25' title='bbox 2257 366 2439 408; x_wconf 88' lang='lat' dir='ltr'>adver-</span> 
     </span>
     <span class='ocr_line' id='line_1_4' title="bbox 255 436 2436 497; baseline -0.006 -8"><span class='ocrx_word' id='word_1_26' title='bbox 255 461 341 490; x_wconf 86' lang='lat' dir='ltr'>sus</span> <span class='ocrx_word' id='word_1_27' title='bbox 369 446 505 488; x_wconf 92' lang='lat' dir='ltr'>aliud</span> <span class='ocrx_word' id='word_1_28' title='bbox 533 444 799 497; x_wconf 84' lang='lat' dir='ltr'>quoddam</span> <span class='ocrx_word' id='word_1_29' title='bbox 826 444 1079 495; x_wconf 91' lang='lat' dir='ltr'>punctum</span> <span class='ocrx_word' id='word_1_30' title='bbox 1106 440 1157 481; x_wconf 92' lang='lat' dir='ltr'>in</span> <span class='ocrx_word' id='word_1_31' title='bbox 1178 440 1313 481; x_wconf 89' lang='lat' dir='ltr'>linea</span> <span class='ocrx_word' id='word_1_32' title='bbox 1335 439 1577 492; x_wconf 90' lang='lat' dir='ltr'>apsidum</span> <span class='ocrx_word' id='word_1_33' title='bbox 1599 437 1779 481; x_wconf 89' lang='lat' dir='ltr'>circuli</span> <span class='ocrx_word' id='word_1_34' title='bbox 1799 436 2080 479; x_wconf 87' lang='lat' dir='ltr'>deferentis</span> <span class='ocrx_word' id='word_1_35' title='bbox 2099 437 2170 478; x_wconf 93' lang='lat' dir='ltr'>ita</span> <span class='ocrx_word' id='word_1_36' title='bbox 2190 436 2436 491; x_wconf 90' lang='lat' dir='ltr'>positum,</span> 
     </span>
     <span class='ocr_line' id='line_1_5' title="bbox 255 507 2439 559; baseline -0.005 0"><span class='ocrx_word' id='word_1_37' title='bbox 255 522 309 559; x_wconf 90' lang='lat' dir='ltr'>ut</span> <span class='ocrx_word' id='word_1_38' title='bbox 334 518 465 558; x_wconf 89' lang='lat' dir='ltr'>inter</span> <span class='ocrx_word' id='word_1_39' title='bbox 490 515 591 557; x_wconf 90' lang='lat' dir='ltr'>hoc</span> <span class='ocrx_word' id='word_1_40' title='bbox 620 517 669 555; x_wconf 88' lang='lat' dir='ltr'>et</span> <span class='ocrx_word' id='word_1_41' title='bbox 696 515 933 555; x_wconf 78' lang='lat' dir='ltr'>centrum</span> <span class='ocrx_word' id='word_1_42' title='bbox 962 510 1140 553; x_wconf 91' lang='lat' dir='ltr'>circuli</span> <span class='ocrx_word' id='word_1_43' title='bbox 1167 509 1446 552; x_wconf 88' lang='lat' dir='ltr'>deferentis</span> <span class='ocrx_word' id='word_1_44' title='bbox 1473 508 1648 551; x_wconf 89' lang='lat' dir='ltr'>media</span> <span class='ocrx_word' id='word_1_45' title='bbox 1673 508 1833 550; x_wconf 90' lang='lat' dir='ltr'>Terra</span> <span class='ocrx_word' id='word_1_46' title='bbox 1861 510 2011 558; x_wconf 79' lang='lat' dir='ltr'>esset,</span> <span class='ocrx_word' id='word_1_47' title='bbox 2041 507 2297 550; x_wconf 89' lang='lat' dir='ltr'>directam</span> <span class='ocrx_word' id='word_1_48' title='bbox 2325 519 2439 550; x_wconf 87' lang='lat' dir='ltr'>esse</span> 
     </span>
     <span class='ocr_line' id='line_1_6' title="bbox 255 576 2439 632; baseline -0.004 -4"><span class='ocrx_word' id='word_1_49' title='bbox 255 587 585 629; x_wconf 88' lang='lat' dir='ltr'>existimaret.</span> <span class='ocrx_word' id='word_1_50' title='bbox 611 584 741 625; x_wconf 87' lang='lat' dir='ltr'>Haec</span> <span class='ocrx_word' id='word_1_51' title='bbox 762 594 889 624; x_wconf 90' lang='lat' dir='ltr'>vero</span> <span class='ocrx_word' id='word_1_52' title='bbox 912 577 1213 632; x_wconf 81' lang='grc' dir='ltr'>πρόσνευσις</span> <span class='ocrx_word' id='word_1_53' title='bbox 1230 582 1321 623; x_wconf 85' lang='grc' dir='ltr'>τοῦ</span> <span class='ocrx_word' id='word_1_54' title='bbox 1343 576 1621 622; x_wconf 75' lang='grc' dir='ltr'>ἑπικύκλου</span> <span class='ocrx_word' id='word_1_55' title='bbox 1642 591 1749 622; x_wconf 91' lang='lat' dir='ltr'>non</span> <span class='ocrx_word' id='word_1_56' title='bbox 1769 578 1909 621; x_wconf 91' lang='lat' dir='ltr'>idem</span> <span class='ocrx_word' id='word_1_57' title='bbox 1931 578 2106 628; x_wconf 88' lang='lat' dir='ltr'>efficit,</span> <span class='ocrx_word' id='word_1_58' title='bbox 2131 579 2272 631; x_wconf 91' lang='lat' dir='ltr'>quod</span> <span class='ocrx_word' id='word_1_59' title='bbox 2285 577 2439 620; x_wconf 88' lang='lat' dir='ltr'>tertia</span> 
     </span>
     <span class='ocr_line' id='line_1_7' title="bbox 253 648 2441 709; baseline -0.004 -11"><span class='ocrx_word' id='word_1_60' title='bbox 253 655 577 709; x_wconf 79' lang='lat' dir='ltr'>inaequalitas</span> <span class='ocrx_word' id='word_1_61' title='bbox 599 667 628 695; x_wconf 95' lang='lat' dir='ltr'>a</span> <span class='ocrx_word' id='word_1_62' title='bbox 648 653 898 706; x_wconf 92' lang='lat' dir='ltr'>Tychone</span> <span class='ocrx_word' id='word_1_63' title='bbox 923 651 1156 701; x_wconf 82' lang='lat' dir='ltr'>inventa3</span> <span class='ocrx_word' id='word_1_64' title='bbox 1184 651 1271 692; x_wconf 92' lang='lat' dir='ltr'>illa</span> <span class='ocrx_word' id='word_1_65' title='bbox 1298 650 1437 693; x_wconf 91' lang='lat' dir='ltr'>enim</span> <span class='ocrx_word' id='word_1_66' title='bbox 1465 654 1515 693; x_wconf 93' lang='lat' dir='ltr'>et</span> <span class='ocrx_word' id='word_1_67' title='bbox 1542 651 1608 693; x_wconf 94' lang='lat' dir='ltr'>ab</span> <span class='ocrx_word' id='word_1_68' title='bbox 1636 649 1965 703; x_wconf 90' lang='lat' dir='ltr'>elongatione</span> <span class='ocrx_word' id='word_1_69' title='bbox 1993 649 2159 691; x_wconf 85' lang='lat' dir='ltr'>Lunae</span> <span class='ocrx_word' id='word_1_70' title='bbox 2186 661 2217 690; x_wconf 93' lang='lat' dir='ltr'>a</span> <span class='ocrx_word' id='word_1_71' title='bbox 2244 648 2363 691; x_wconf 91' lang='lat' dir='ltr'>Sole</span> <span class='ocrx_word' id='word_1_72' title='bbox 2390 651 2441 690; x_wconf 85' lang='lat' dir='ltr'>et</span> 
     </span>
     <span class='ocr_line' id='line_1_8' title="bbox 254 719 2053 775; baseline -0.004 -6"><span class='ocrx_word' id='word_1_73' title='bbox 254 728 318 769; x_wconf 91' lang='lat' dir='ltr'>ab</span> <span class='ocrx_word' id='word_1_74' title='bbox 341 725 619 774; x_wconf 91' lang='lat' dir='ltr'>anomalia,</span> <span class='ocrx_word' id='word_1_75' title='bbox 641 723 793 765; x_wconf 89' lang='lat' dir='ltr'>tertia</span> <span class='ocrx_word' id='word_1_76' title='bbox 813 734 940 764; x_wconf 93' lang='lat' dir='ltr'>vero</span> <span class='ocrx_word' id='word_1_77' title='bbox 962 721 1290 775; x_wconf 86' lang='lat' dir='ltr'>inaequalitas</span> <span class='ocrx_word' id='word_1_78' title='bbox 1313 734 1343 763; x_wconf 92' lang='lat' dir='ltr'>a</span> <span class='ocrx_word' id='word_1_79' title='bbox 1363 722 1477 764; x_wconf 94' lang='lat' dir='ltr'>sola</span> <span class='ocrx_word' id='word_1_80' title='bbox 1499 720 1828 775; x_wconf 86' lang='lat' dir='ltr'>elongatione</span> <span class='ocrx_word' id='word_1_81' title='bbox 1847 719 2053 773; x_wconf 90' lang='lat' dir='ltr'>pendet.</span> 
     </span>
    </p>

    <p class='ocr_par' dir='ltr' id='par_1_3' title="bbox 250 789 2442 1475">
     <span class='ocr_line' id='line_1_9' title="bbox 311 789 2439 848; baseline -0.003 -10"><span class='ocrx_word' id='word_1_82' title='bbox 311 798 645 848; x_wconf 86' lang='lat' dir='ltr'>Quamquam</span> <span class='ocrx_word' id='word_1_83' title='bbox 668 792 958 836; x_wconf 87' lang='lat' dir='ltr'>astronomi</span> <span class='ocrx_word' id='word_1_84' title='bbox 978 792 1179 834; x_wconf 87' lang='lat' dir='ltr'>Arabes</span> <span class='ocrx_word' id='word_1_85' title='bbox 1199 792 1462 834; x_wconf 92' lang='lat' dir='ltr'>theoriam</span> <span class='ocrx_word' id='word_1_86' title='bbox 1484 793 1650 834; x_wconf 84' lang='lat' dir='ltr'>Lunae</span> <span class='ocrx_word' id='word_1_87' title='bbox 1671 790 2046 833; x_wconf 90' lang='lat' dir='ltr'>Ptolemaicam</span> <span class='ocrx_word' id='word_1_88' title='bbox 2074 802 2139 832; x_wconf 90' lang='lat' dir='ltr'>ne</span> <span class='ocrx_word' id='word_1_89' title='bbox 2162 789 2439 832; x_wconf 91' lang='lat' dir='ltr'>minimum</span> 
     </span>
     <span class='ocr_line' id='line_1_10' title="bbox 254 860 2440 920; baseline -0.003 -12"><span class='ocrx_word' id='word_1_90' title='bbox 254 867 460 920; x_wconf 89' lang='lat' dir='ltr'>quidem</span> <span class='ocrx_word' id='word_1_91' title='bbox 495 867 846 915; x_wconf 91' lang='lat' dir='ltr'>mutaverunt,</span> <span class='ocrx_word' id='word_1_92' title='bbox 880 863 1014 905; x_wconf 91' lang='lat' dir='ltr'>miro</span> <span class='ocrx_word' id='word_1_93' title='bbox 1049 874 1228 905; x_wconf 90' lang='lat' dir='ltr'>errore</span> <span class='ocrx_word' id='word_1_94' title='bbox 1262 862 1495 905; x_wconf 90' lang='lat' dir='ltr'>nonnulli</span> <span class='ocrx_word' id='word_1_95' title='bbox 1526 864 1859 916; x_wconf 90' lang='lat' dir='ltr'>putaverunt,</span> <span class='ocrx_word' id='word_1_96' title='bbox 1900 872 2020 902; x_wconf 91' lang='lat' dir='ltr'>eam</span> <span class='ocrx_word' id='word_1_97' title='bbox 2054 860 2440 904; x_wconf 88' lang='lat' dir='ltr'>correctionem</span> 
     </span>
     <span class='ocr_line' id='line_1_11' title="bbox 250 931 2441 993; baseline -0.003 -15"><span class='ocrx_word' id='word_1_98' title='bbox 250 936 565 993; x_wconf 79' lang='lat' dir='ltr'>(mohazat)‚</span> <span class='ocrx_word' id='word_1_99' title='bbox 597 947 756 989; x_wconf 91' lang='lat' dir='ltr'>quam</span> <span class='ocrx_word' id='word_1_100' title='bbox 788 934 1021 976; x_wconf 86' lang='lat' dir='ltr'>»tertiam</span> <span class='ocrx_word' id='word_1_101' title='bbox 1048 933 1488 987; x_wconf 73' lang='lat' dir='ltr'>inaequalitatem«</span> <span class='ocrx_word' id='word_1_102' title='bbox 1520 933 1834 986; x_wconf 88' lang='lat' dir='ltr'>appellasset</span> <span class='ocrx_word' id='word_1_103' title='bbox 1858 931 2059 974; x_wconf 86' lang='lat' dir='ltr'>ABU’L</span> <span class='ocrx_word' id='word_1_104' title='bbox 2085 931 2293 982; x_wconf 89' lang='lat' dir='ltr'>WEFA,</span> <span class='ocrx_word' id='word_1_105' title='bbox 2323 942 2441 973; x_wconf 91' lang='lat' dir='ltr'>ean-</span> 
     </span>
     <span class='ocr_line' id='line_1_12' title="bbox 252 1001 2442 1059; baseline -0.003 -10"><span class='ocrx_word' id='word_1_106' title='bbox 252 1009 372 1050; x_wconf 87' lang='lat' dir='ltr'>dem</span> <span class='ocrx_word' id='word_1_107' title='bbox 394 1007 565 1057; x_wconf 85' lang='lat' dir='ltr'>fuisse,</span> <span class='ocrx_word' id='word_1_108' title='bbox 590 1018 749 1059; x_wconf 92' lang='lat' dir='ltr'>quam</span> <span class='ocrx_word' id='word_1_109' title='bbox 769 1005 808 1046; x_wconf 91' lang='lat' dir='ltr'>T</span> <span class='ocrx_word' id='word_1_110' title='bbox 809 1005 950 1059; x_wconf 92' lang='lat' dir='ltr'>ycho</span> <span class='ocrx_word' id='word_1_111' title='bbox 972 1004 1267 1046; x_wconf 88' lang='lat' dir='ltr'>invenisset.</span> <span class='ocrx_word' id='word_1_112' title='bbox 1298 1004 1366 1046; x_wconf 91' lang='lat' dir='ltr'>Re</span> <span class='ocrx_word' id='word_1_113' title='bbox 1386 1015 1514 1046; x_wconf 92' lang='lat' dir='ltr'>vera</span> <span class='ocrx_word' id='word_1_114' title='bbox 1534 1003 1620 1045; x_wconf 93' lang='lat' dir='ltr'>illa</span> <span class='ocrx_word' id='word_1_115' title='bbox 1640 1014 1857 1056; x_wconf 92' lang='lat' dir='ltr'>prorsus</span> <span class='ocrx_word' id='word_1_116' title='bbox 1877 1002 2057 1045; x_wconf 87' lang='lat' dir='ltr'>similis</span> <span class='ocrx_word' id='word_1_117' title='bbox 2078 1005 2155 1044; x_wconf 89' lang='lat' dir='ltr'>est</span> <span class='ocrx_word' id='word_1_118' title='bbox 2174 1001 2442 1045; x_wconf 87' lang='lat' dir='ltr'>Ptolemaei</span> 
     </span>
     <span class='ocr_line' id='line_1_13' title="bbox 251 1074 2441 1132; baseline -0.003 -12"><span class='ocrx_word' id='word_1_119' title='bbox 251 1077 537 1132; x_wconf 90' lang='lat' dir='ltr'>prosneusi.</span> <span class='ocrx_word' id='word_1_120' title='bbox 568 1077 873 1130; x_wconf 89' lang='lat' dir='ltr'>Complures</span> <span class='ocrx_word' id='word_1_121' title='bbox 901 1075 1112 1129; x_wconf 92' lang='lat' dir='ltr'>quidem</span> <span class='ocrx_word' id='word_1_122' title='bbox 1141 1074 1433 1117; x_wconf 89' lang='lat' dir='ltr'>astronomi</span> <span class='ocrx_word' id='word_1_123' title='bbox 1460 1074 1739 1117; x_wconf 90' lang='lat' dir='ltr'>orientales</span> <span class='ocrx_word' id='word_1_124' title='bbox 1764 1074 1930 1116; x_wconf 88' lang='lat' dir='ltr'>Lunae</span> <span class='ocrx_word' id='word_1_125' title='bbox 1957 1076 2164 1115; x_wconf 92' lang='lat' dir='ltr'>motum</span> <span class='ocrx_word' id='word_1_126' title='bbox 2192 1075 2441 1115; x_wconf 89' lang='lat' dir='ltr'>accurate</span> 
     </span>
     <span class='ocr_line' id='line_1_14' title="bbox 253 1143 2441 1201; baseline -0.002 -11"><span class='ocrx_word' id='word_1_127' title='bbox 253 1148 651 1201; x_wconf 89' lang='lat' dir='ltr'>descripserunt,</span> <span class='ocrx_word' id='word_1_128' title='bbox 668 1148 760 1189; x_wconf 88' lang='lat' dir='ltr'>sed</span> <span class='ocrx_word' id='word_1_129' title='bbox 776 1158 932 1189; x_wconf 93' lang='lat' dir='ltr'>nemo</span> <span class='ocrx_word' id='word_1_130' title='bbox 949 1158 1150 1197; x_wconf 86' lang='lat' dir='ltr'>eorum,</span> <span class='ocrx_word' id='word_1_131' title='bbox 1168 1158 1232 1188; x_wconf 93' lang='lat' dir='ltr'>ne</span> <span class='ocrx_word' id='word_1_132' title='bbox 1247 1146 1399 1188; x_wconf 87' lang='lat' dir='ltr'>Abu’l</span> <span class='ocrx_word' id='word_1_133' title='bbox 1413 1145 1569 1188; x_wconf 91' lang='lat' dir='ltr'>Wefa</span> <span class='ocrx_word' id='word_1_134' title='bbox 1586 1145 1813 1199; x_wconf 91' lang='lat' dir='ltr'>quidem,</span> <span class='ocrx_word' id='word_1_135' title='bbox 1833 1144 2117 1198; x_wconf 93' lang='lat' dir='ltr'>quicquam</span> <span class='ocrx_word' id='word_1_136' title='bbox 2134 1143 2275 1195; x_wconf 84' lang='lat' dir='ltr'>dixit,</span> <span class='ocrx_word' id='word_1_137' title='bbox 2300 1144 2441 1197; x_wconf 92' lang='lat' dir='ltr'>quod</span> 
     </span>
     <span class='ocr_line' id='line_1_15' title="bbox 253 1214 2442 1271; baseline -0.003 -9"><span class='ocrx_word' id='word_1_138' title='bbox 253 1232 373 1262; x_wconf 91' lang='lat' dir='ltr'>cum</span> <span class='ocrx_word' id='word_1_139' title='bbox 394 1218 598 1261; x_wconf 92' lang='lat' dir='ltr'>theoria</span> <span class='ocrx_word' id='word_1_140' title='bbox 612 1218 929 1261; x_wconf 91' lang='lat' dir='ltr'>Ptolemaica</span> <span class='ocrx_word' id='word_1_141' title='bbox 950 1229 1056 1260; x_wconf 92' lang='lat' dir='ltr'>non</span> <span class='ocrx_word' id='word_1_142' title='bbox 1075 1229 1292 1271; x_wconf 89' lang='lat' dir='ltr'>prorsus</span> <span class='ocrx_word' id='word_1_143' title='bbox 1314 1220 1583 1270; x_wconf 86' lang='lat' dir='ltr'>congruat.</span> <span class='ocrx_word' id='word_1_144' title='bbox 1607 1216 1658 1258; x_wconf 90' lang='lat' dir='ltr'>Si</span> <span class='ocrx_word' id='word_1_145' title='bbox 1677 1216 1956 1269; x_wconf 87' lang='lat' dir='ltr'>quisquam</span> <span class='ocrx_word' id='word_1_146' title='bbox 1971 1215 2080 1266; x_wconf 90' lang='lat' dir='ltr'>fuit,</span> <span class='ocrx_word' id='word_1_147' title='bbox 2105 1214 2192 1269; x_wconf 93' lang='lat' dir='ltr'>qui</span> <span class='ocrx_word' id='word_1_148' title='bbox 2204 1214 2442 1268; x_wconf 90' lang='lat' dir='ltr'>Tychoni</span> 
     </span>
     <span class='ocr_line' id='line_1_16' title="bbox 252 1285 2442 1344; baseline -0.002 -12"><span class='ocrx_word' id='word_1_149' title='bbox 252 1289 493 1344; x_wconf 82' lang='lat' dir='ltr'>praeierit,</span> <span class='ocrx_word' id='word_1_150' title='bbox 517 1301 672 1331; x_wconf 94' lang='lat' dir='ltr'>nemo</span> <span class='ocrx_word' id='word_1_151' title='bbox 696 1289 825 1331; x_wconf 90' lang='lat' dir='ltr'>alius</span> <span class='ocrx_word' id='word_1_152' title='bbox 846 1288 1004 1330; x_wconf 87' lang='lat' dir='ltr'>fuisse</span> <span class='ocrx_word' id='word_1_153' title='bbox 1024 1291 1196 1342; x_wconf 91' lang='lat' dir='ltr'>potest</span> <span class='ocrx_word' id='word_1_154' title='bbox 1212 1300 1372 1341; x_wconf 91' lang='lat' dir='ltr'>quam</span> <span class='ocrx_word' id='word_1_155' title='bbox 1388 1288 1716 1337; x_wconf 74' lang='lat' dir='ltr'>Ptolemaeus,</span> <span class='ocrx_word' id='word_1_156' title='bbox 1740 1286 1828 1340; x_wconf 93' lang='lat' dir='ltr'>qui</span> <span class='ocrx_word' id='word_1_157' title='bbox 1841 1285 2117 1340; x_wconf 91' lang='lat' dir='ltr'>prosneusi</span> <span class='ocrx_word' id='word_1_158' title='bbox 2130 1298 2242 1336; x_wconf 89' lang='lat' dir='ltr'>sua,</span> <span class='ocrx_word' id='word_1_159' title='bbox 2264 1288 2322 1327; x_wconf 94' lang='lat' dir='ltr'>ut</span> <span class='ocrx_word' id='word_1_160' title='bbox 2329 1286 2442 1340; x_wconf 82' lang='lat' dir='ltr'>J‘am</span> 
     </span>
     <span class='ocr_line' id='line_1_17' title="bbox 253 1356 2442 1413; baseline -0.003 -10"><span class='ocrx_word' id='word_1_161' title='bbox 253 1364 372 1403; x_wconf 90' lang='lat' dir='ltr'>ante</span> <span class='ocrx_word' id='word_1_162' title='bbox 394 1361 590 1403; x_wconf 91' lang='lat' dir='ltr'>dictum</span> <span class='ocrx_word' id='word_1_163' title='bbox 612 1363 704 1410; x_wconf 88' lang='lat' dir='ltr'>est,</span> <span class='ocrx_word' id='word_1_164' title='bbox 733 1360 855 1401; x_wconf 90' lang='lat' dir='ltr'>nihil</span> <span class='ocrx_word' id='word_1_165' title='bbox 878 1359 1016 1401; x_wconf 90' lang='lat' dir='ltr'>aliud</span> <span class='ocrx_word' id='word_1_166' title='bbox 1039 1371 1199 1413; x_wconf 88' lang='lat' dir='ltr'>quam</span> <span class='ocrx_word' id='word_1_167' title='bbox 1219 1359 1510 1402; x_wconf 91' lang='lat' dir='ltr'>secundam</span> <span class='ocrx_word' id='word_1_168' title='bbox 1530 1358 1944 1411; x_wconf 82' lang='lat' dir='ltr'>inaequalitatem</span> <span class='ocrx_word' id='word_1_169' title='bbox 1966 1357 2228 1411; x_wconf 87' lang='lat' dir='ltr'>corrigere</span> <span class='ocrx_word' id='word_1_170' title='bbox 2248 1356 2442 1398; x_wconf 88' lang='lat' dir='ltr'>frustra</span> 
     </span>
     <span class='ocr_line' id='line_1_18' title="bbox 253 1434 608 1475; baseline -0.006 -1"><span class='ocrx_word' id='word_1_171' title='bbox 253 1435 472 1475; x_wconf 90' lang='lat' dir='ltr'>conatus</span> <span class='ocrx_word' id='word_1_172' title='bbox 494 1434 608 1473; x_wconf 74' lang='lat' dir='ltr'>est.&#39;¹</span> 
     </span>
    </p>

    <p class='ocr_par' dir='ltr' id='par_1_4' title="bbox 252 1500 2445 3027">
     <span class='ocr_line' id='line_1_19' title="bbox 312 1500 2444 1554; baseline -0.002 -10"><span class='ocrx_word' id='word_1_173' title='bbox 312 1502 712 1544; x_wconf 90' lang='lat' dir='ltr'>COPERNICUS</span> <span class='ocrx_word' id='word_1_174' title='bbox 744 1503 909 1544; x_wconf 85' lang='lat' dir='ltr'>Lunae</span> <span class='ocrx_word' id='word_1_175' title='bbox 936 1504 1142 1544; x_wconf 91' lang='lat' dir='ltr'>motum</span> <span class='ocrx_word' id='word_1_176' title='bbox 1168 1502 1334 1543; x_wconf 91' lang='lat' dir='ltr'>multo</span> <span class='ocrx_word' id='word_1_177' title='bbox 1361 1500 1646 1554; x_wconf 90' lang='lat' dir='ltr'>simplicius</span> <span class='ocrx_word' id='word_1_178' title='bbox 1674 1512 1834 1554; x_wconf 91' lang='lat' dir='ltr'>quam</span> <span class='ocrx_word' id='word_1_179' title='bbox 1861 1500 2173 1542; x_wconf 87' lang='lat' dir='ltr'>Ptolemaeus</span> <span class='ocrx_word' id='word_1_180' title='bbox 2200 1500 2444 1553; x_wconf 87' lang='lat' dir='ltr'>explana-</span> 
     </span>
     <span class='ocr_line' id='line_1_20' title="bbox 252 1570 2444 1626; baseline -0.001 -12"><span class='ocrx_word' id='word_1_181' title='bbox 252 1576 401 1615; x_wconf 89' lang='lat' dir='ltr'>verat</span> <span class='ocrx_word' id='word_1_182' title='bbox 422 1576 472 1614; x_wconf 89' lang='lat' dir='ltr'>et</span> <span class='ocrx_word' id='word_1_183' title='bbox 491 1572 778 1615; x_wconf 89' lang='lat' dir='ltr'>immensas</span> <span class='ocrx_word' id='word_1_184' title='bbox 798 1572 1082 1626; x_wconf 87' lang='lat' dir='ltr'>parallaxis</span> <span class='ocrx_word' id='word_1_185' title='bbox 1103 1575 1153 1614; x_wconf 85' lang='lat' dir='ltr'>et</span> <span class='ocrx_word' id='word_1_186' title='bbox 1174 1572 1417 1614; x_wconf 88' lang='lat' dir='ltr'>diametri</span> <span class='ocrx_word' id='word_1_187' title='bbox 1438 1571 1738 1626; x_wconf 89' lang='lat' dir='ltr'>apparentis</span> <span class='ocrx_word' id='word_1_188' title='bbox 1760 1572 1926 1612; x_wconf 86' lang='lat' dir='ltr'>Lunae</span> <span class='ocrx_word' id='word_1_189' title='bbox 1946 1570 2265 1613; x_wconf 87' lang='lat' dir='ltr'>mutationes</span> <span class='ocrx_word' id='word_1_190' title='bbox 2286 1570 2444 1613; x_wconf 91' lang='lat' dir='ltr'>evita-</span> 
     </span>
     <span class='ocr_line' id='line_1_21' title="bbox 253 1641 2444 1697; baseline -0.001 -12"><span class='ocrx_word' id='word_1_191' title='bbox 253 1646 415 1694; x_wconf 83' lang='lat' dir='ltr'>verat,</span> <span class='ocrx_word' id='word_1_192' title='bbox 449 1656 568 1697; x_wconf 88' lang='lat' dir='ltr'>quae</span> <span class='ocrx_word' id='word_1_193' title='bbox 595 1644 885 1686; x_wconf 88' lang='lat' dir='ltr'>manabant</span> <span class='ocrx_word' id='word_1_194' title='bbox 906 1655 933 1685; x_wconf 91' lang='lat' dir='ltr'>e</span> <span class='ocrx_word' id='word_1_195' title='bbox 955 1643 1345 1686; x_wconf 84' lang='lat' dir='ltr'>constructione</span> <span class='ocrx_word' id='word_1_196' title='bbox 1366 1642 1647 1693; x_wconf 82' lang='lat' dir='ltr'>Ptolemaei,</span> <span class='ocrx_word' id='word_1_197' title='bbox 1680 1645 1734 1684; x_wconf 92' lang='lat' dir='ltr'>at</span> <span class='ocrx_word' id='word_1_198' title='bbox 1755 1653 1877 1684; x_wconf 92' lang='lat' dir='ltr'>cum</span> <span class='ocrx_word' id='word_1_199' title='bbox 1898 1653 2075 1683; x_wconf 88' lang='lat' dir='ltr'>rerum</span> <span class='ocrx_word' id='word_1_200' title='bbox 2103 1644 2292 1683; x_wconf 92' lang='lat' dir='ltr'>natura</span> <span class='ocrx_word' id='word_1_201' title='bbox 2319 1641 2444 1683; x_wconf 90' lang='lat' dir='ltr'>nihil</span> 
     </span>
     <span class='ocr_line' id='line_1_22' title="bbox 255 1712 2444 1768; baseline -0.001 -12"><span class='ocrx_word' id='word_1_202' title='bbox 255 1726 537 1756; x_wconf 90' lang='lat' dir='ltr'>commune</span> <span class='ocrx_word' id='word_1_203' title='bbox 558 1714 838 1756; x_wconf 91' lang='lat' dir='ltr'>habebant.</span> <span class='ocrx_word' id='word_1_204' title='bbox 862 1714 1196 1768; x_wconf 89' lang='lat' dir='ltr'>AEquationis</span> <span class='ocrx_word' id='word_1_205' title='bbox 1218 1715 1429 1768; x_wconf 88' lang='lat' dir='ltr'>quidem</span> <span class='ocrx_word' id='word_1_206' title='bbox 1452 1713 1617 1757; x_wconf 92' lang='lat' dir='ltr'>centri</span> <span class='ocrx_word' id='word_1_207' title='bbox 1635 1713 1707 1755; x_wconf 93' lang='lat' dir='ltr'>ita</span> <span class='ocrx_word' id='word_1_208' title='bbox 1728 1712 1988 1755; x_wconf 89' lang='lat' dir='ltr'>rationem</span> <span class='ocrx_word' id='word_1_209' title='bbox 2003 1712 2250 1763; x_wconf 90' lang='lat' dir='ltr'>habebat,</span> <span class='ocrx_word' id='word_1_210' title='bbox 2272 1716 2329 1754; x_wconf 92' lang='lat' dir='ltr'>ut</span> <span class='ocrx_word' id='word_1_211' title='bbox 2343 1712 2444 1766; x_wconf 91' lang='lat' dir='ltr'>epi-</span> 
     </span>
     <span class='ocr_line' id='line_1_23' title="bbox 255 1783 2444 1838; baseline -0.001 -11"><span class='ocrx_word' id='word_1_212' title='bbox 255 1786 463 1838; x_wconf 92' lang='lat' dir='ltr'>cyclum</span> <span class='ocrx_word' id='word_1_213' title='bbox 490 1796 583 1838; x_wconf 88' lang='lat' dir='ltr'>per</span> <span class='ocrx_word' id='word_1_214' title='bbox 610 1785 863 1828; x_wconf 91' lang='lat' dir='ltr'>circulum</span> <span class='ocrx_word' id='word_1_215' title='bbox 891 1785 1214 1828; x_wconf 87' lang='lat' dir='ltr'>deferentem</span> <span class='ocrx_word' id='word_1_216' title='bbox 1240 1786 1416 1828; x_wconf 85' lang='lat' dir='ltr'>Terrae</span> <span class='ocrx_word' id='word_1_217' title='bbox 1444 1784 1839 1828; x_wconf 89' lang='lat' dir='ltr'>concentricum</span> <span class='ocrx_word' id='word_1_218' title='bbox 1870 1783 2045 1825; x_wconf 89' lang='lat' dir='ltr'>media</span> <span class='ocrx_word' id='word_1_219' title='bbox 2074 1783 2239 1826; x_wconf 82' lang='lat' dir='ltr'>Lunae</span> <span class='ocrx_word' id='word_1_220' title='bbox 2270 1783 2444 1826; x_wconf 89' lang='lat' dir='ltr'>celeri-</span> 
     </span>
     <span class='ocr_line' id='line_1_24' title="bbox 253 1854 2444 1909; baseline 0 -13"><span class='ocrx_word' id='word_1_221' title='bbox 253 1859 360 1897; x_wconf 86' lang='lat' dir='ltr'>tate</span> <span class='ocrx_word' id='word_1_222' title='bbox 380 1855 583 1897; x_wconf 91' lang='lat' dir='ltr'>moveri</span> <span class='ocrx_word' id='word_1_223' title='bbox 604 1856 939 1907; x_wconf 86' lang='lat' dir='ltr'>existimaret,</span> <span class='ocrx_word' id='word_1_224' title='bbox 961 1857 1054 1898; x_wconf 90' lang='lat' dir='ltr'>sed</span> <span class='ocrx_word' id='word_1_225' title='bbox 1074 1859 1130 1898; x_wconf 90' lang='lat' dir='ltr'>ut</span> <span class='ocrx_word' id='word_1_226' title='bbox 1150 1857 1439 1899; x_wconf 89' lang='lat' dir='ltr'>secundam</span> <span class='ocrx_word' id='word_1_227' title='bbox 1460 1855 1872 1909; x_wconf 86' lang='lat' dir='ltr'>inaequalitatem</span> <span class='ocrx_word' id='word_1_228' title='bbox 1894 1855 2215 1908; x_wconf 85' lang='lat' dir='ltr'>explanaret,</span> <span class='ocrx_word' id='word_1_229' title='bbox 2239 1866 2334 1908; x_wconf 93' lang='lat' dir='ltr'>pro</span> <span class='ocrx_word' id='word_1_230' title='bbox 2351 1854 2444 1897; x_wconf 92' lang='lat' dir='ltr'>cir-</span> 
     </span>
     <span class='ocr_line' id='line_1_25' title="bbox 256 1925 2443 1981; baseline 0 -14"><span class='ocrx_word' id='word_1_231' title='bbox 256 1927 373 1968; x_wconf 93' lang='lat' dir='ltr'>culo</span> <span class='ocrx_word' id='word_1_232' title='bbox 389 1926 641 1968; x_wconf 87' lang='lat' dir='ltr'>deferenti</span> <span class='ocrx_word' id='word_1_233' title='bbox 656 1927 950 1969; x_wconf 89' lang='lat' dir='ltr'>eccentrico</span> <span class='ocrx_word' id='word_1_234' title='bbox 967 1928 1190 1969; x_wconf 89' lang='lat' dir='ltr'>alterum</span> <span class='ocrx_word' id='word_1_235' title='bbox 1207 1927 1504 1981; x_wconf 90' lang='lat' dir='ltr'>epicyclum</span> <span class='ocrx_word' id='word_1_236' title='bbox 1520 1926 1819 1975; x_wconf 91' lang='lat' dir='ltr'>adhibebat,</span> <span class='ocrx_word' id='word_1_237' title='bbox 1844 1925 1990 1979; x_wconf 90' lang='lat' dir='ltr'>cujus</span> <span class='ocrx_word' id='word_1_238' title='bbox 2007 1928 2247 1968; x_wconf 86' lang='lat' dir='ltr'>centrum</span> <span class='ocrx_word' id='word_1_239' title='bbox 2261 1937 2443 1968; x_wconf 91' lang='lat' dir='ltr'>mense</span> 
     </span>
     <span class='ocr_line' id='line_1_26' title="bbox 256 1996 2443 2052; baseline 0.001 -15"><span class='ocrx_word' id='word_1_240' title='bbox 256 1996 618 2038; x_wconf 90' lang='lat' dir='ltr'>anomalistico</span> <span class='ocrx_word' id='word_1_241' title='bbox 652 1997 937 2039; x_wconf 90' lang='lat' dir='ltr'>directione</span> <span class='ocrx_word' id='word_1_242' title='bbox 969 1999 1277 2052; x_wconf 91' lang='lat' dir='ltr'>retrograda</span> <span class='ocrx_word' id='word_1_243' title='bbox 1309 2010 1403 2051; x_wconf 88' lang='lat' dir='ltr'>per</span> <span class='ocrx_word' id='word_1_244' title='bbox 1433 1997 1665 2051; x_wconf 89' lang='lat' dir='ltr'>priorem</span> <span class='ocrx_word' id='word_1_245' title='bbox 1698 1996 1902 2039; x_wconf 92' lang='lat' dir='ltr'>moveri</span> <span class='ocrx_word' id='word_1_246' title='bbox 1935 1996 2284 2048; x_wconf 89' lang='lat' dir='ltr'>existimabat,</span> <span class='ocrx_word' id='word_1_247' title='bbox 2320 2009 2443 2040; x_wconf 92' lang='lat' dir='ltr'>cum</span> 
     </span>
     <span class='ocr_line' id='line_1_27' title="bbox 255 2066 2443 2121; baseline 0.001 -13"><span class='ocrx_word' id='word_1_248' title='bbox 255 2066 462 2120; x_wconf 91' lang='lat' dir='ltr'>singulis</span> <span class='ocrx_word' id='word_1_249' title='bbox 489 2067 754 2109; x_wconf 90' lang='lat' dir='ltr'>mensibus</span> <span class='ocrx_word' id='word_1_250' title='bbox 780 2068 1046 2121; x_wconf 90' lang='lat' dir='ltr'>synodicis</span> <span class='ocrx_word' id='word_1_251' title='bbox 1076 2072 1221 2111; x_wconf 89' lang='lat' dir='ltr'>recta</span> <span class='ocrx_word' id='word_1_252' title='bbox 1248 2068 1533 2111; x_wconf 87' lang='lat' dir='ltr'>directione</span> <span class='ocrx_word' id='word_1_253' title='bbox 1559 2079 1654 2121; x_wconf 89' lang='lat' dir='ltr'>per</span> <span class='ocrx_word' id='word_1_254' title='bbox 1681 2067 1892 2109; x_wconf 90' lang='lat' dir='ltr'>alterius</span> <span class='ocrx_word' id='word_1_255' title='bbox 1919 2067 2140 2121; x_wconf 92' lang='lat' dir='ltr'>epicycli</span> <span class='ocrx_word' id='word_1_256' title='bbox 2167 2067 2443 2110; x_wconf 91' lang='lat' dir='ltr'>circuitum</span> 
     </span>
     <span class='ocr_line' id='line_1_28' title="bbox 257 2137 2444 2193; baseline 0.001 -14"><span class='ocrx_word' id='word_1_257' title='bbox 257 2139 405 2179; x_wconf 91' lang='lat' dir='ltr'>Luna</span> <span class='ocrx_word' id='word_1_258' title='bbox 425 2138 496 2179; x_wconf 90' lang='lat' dir='ltr'>ita</span> <span class='ocrx_word' id='word_1_259' title='bbox 518 2137 594 2180; x_wconf 90' lang='lat' dir='ltr'>bis</span> <span class='ocrx_word' id='word_1_260' title='bbox 615 2141 933 2189; x_wconf 88' lang='lat' dir='ltr'>moveretur,</span> <span class='ocrx_word' id='word_1_261' title='bbox 956 2142 1012 2181; x_wconf 92' lang='lat' dir='ltr'>ut</span> <span class='ocrx_word' id='word_1_262' title='bbox 1031 2139 1083 2181; x_wconf 93' lang='lat' dir='ltr'>in</span> <span class='ocrx_word' id='word_1_263' title='bbox 1105 2139 1249 2182; x_wconf 91' lang='lat' dir='ltr'>omni</span> <span class='ocrx_word' id='word_1_264' title='bbox 1268 2139 1486 2193; x_wconf 86' lang='lat' dir='ltr'>syzygio</span> <span class='ocrx_word' id='word_1_265' title='bbox 1508 2138 1683 2181; x_wconf 90' lang='lat' dir='ltr'>medio</span> <span class='ocrx_word' id='word_1_266' title='bbox 1704 2139 1879 2181; x_wconf 82' lang='lat' dir='ltr'>Terrae</span> <span class='ocrx_word' id='word_1_267' title='bbox 1900 2138 2144 2192; x_wconf 85' lang='lat' dir='ltr'>proxima</span> <span class='ocrx_word' id='word_1_268' title='bbox 2166 2142 2302 2181; x_wconf 89' lang='lat' dir='ltr'>esset</span> <span class='ocrx_word' id='word_1_269' title='bbox 2323 2142 2373 2181; x_wconf 93' lang='lat' dir='ltr'>et</span> <span class='ocrx_word' id='word_1_270' title='bbox 2392 2138 2444 2180; x_wconf 93' lang='lat' dir='ltr'>in</span> 
     </span>
     <span class='ocr_line' id='line_1_29' title="bbox 257 2208 2444 2264; baseline 0 -13"><span class='ocrx_word' id='word_1_271' title='bbox 257 2208 400 2251; x_wconf 91' lang='lat' dir='ltr'>omni</span> <span class='ocrx_word' id='word_1_272' title='bbox 419 2208 593 2250; x_wconf 91' lang='lat' dir='ltr'>media</span> <span class='ocrx_word' id='word_1_273' title='bbox 616 2210 937 2261; x_wconf 91' lang='lat' dir='ltr'>quadratura</span> <span class='ocrx_word' id='word_1_274' title='bbox 955 2210 1251 2264; x_wconf 84' lang='lat' dir='ltr'>longissime</span> <span class='ocrx_word' id='word_1_275' title='bbox 1267 2210 1332 2252; x_wconf 94' lang='lat' dir='ltr'>ab</span> <span class='ocrx_word' id='word_1_276' title='bbox 1350 2221 1412 2251; x_wconf 93' lang='lat' dir='ltr'>ea</span> <span class='ocrx_word' id='word_1_277' title='bbox 1428 2210 1657 2251; x_wconf 86' lang='lat' dir='ltr'>distaret.</span> <span class='ocrx_word' id='word_1_278' title='bbox 1680 2209 1908 2251; x_wconf 92' lang='lat' dir='ltr'>TYCHO</span> <span class='ocrx_word' id='word_1_279' title='bbox 1925 2209 2148 2263; x_wconf 91' lang='lat' dir='ltr'>denique</span> <span class='ocrx_word' id='word_1_280' title='bbox 2164 2210 2265 2253; x_wconf 92' lang='lat' dir='ltr'>alio</span> <span class='ocrx_word' id='word_1_281' title='bbox 2281 2210 2444 2252; x_wconf 92' lang='lat' dir='ltr'>modo</span> 
     </span>
     <span class='ocr_line' id='line_1_30' title="bbox 256 2279 2443 2335; baseline 0.001 -15"><span class='ocrx_word' id='word_1_282' title='bbox 256 2279 601 2321; x_wconf 89' lang='lat' dir='ltr'>mutationem</span> <span class='ocrx_word' id='word_1_283' title='bbox 622 2279 950 2333; x_wconf 90' lang='lat' dir='ltr'>longitudinis</span> <span class='ocrx_word' id='word_1_284' title='bbox 971 2281 1256 2334; x_wconf 88' lang='lat' dir='ltr'>descripsit.</span> <span class='ocrx_word' id='word_1_285' title='bbox 1281 2281 1527 2322; x_wconf 90' lang='lat' dir='ltr'>Centrum</span> <span class='ocrx_word' id='word_1_286' title='bbox 1550 2280 1729 2322; x_wconf 92' lang='lat' dir='ltr'>circuli</span> <span class='ocrx_word' id='word_1_287' title='bbox 1749 2280 2044 2331; x_wconf 84' lang='lat' dir='ltr'>deferentis,</span> <span class='ocrx_word' id='word_1_288' title='bbox 2068 2281 2215 2335; x_wconf 90' lang='lat' dir='ltr'>cujus</span> <span class='ocrx_word' id='word_1_289' title='bbox 2236 2281 2443 2323; x_wconf 91' lang='lat' dir='ltr'>radium</span> 
     </span>
     <span class='ocr_line' id='line_1_31' title="bbox 258 2350 2443 2406; baseline 0.002 -16"><span class='ocrx_word' id='word_1_290' title='bbox 258 2371 311 2385; x_wconf 66' lang='lat' dir='ltr'><strong><em>z</em></strong></span> <span class='ocrx_word' id='word_1_291' title='bbox 331 2350 347 2390; x_wconf 96' lang='lat' dir='ltr'>l</span> <span class='ocrx_word' id='word_1_292' title='bbox 367 2350 553 2403; x_wconf 89' lang='lat' dir='ltr'>posuit,</span> <span class='ocrx_word' id='word_1_293' title='bbox 576 2350 628 2391; x_wconf 93' lang='lat' dir='ltr'>in</span> <span class='ocrx_word' id='word_1_294' title='bbox 643 2362 808 2403; x_wconf 93' lang='lat' dir='ltr'>parvo</span> <span class='ocrx_word' id='word_1_295' title='bbox 825 2351 1020 2394; x_wconf 91' lang='lat' dir='ltr'>circulo</span> <span class='ocrx_word' id='word_1_296' title='bbox 1038 2351 1331 2402; x_wconf 92' lang='lat' dir='ltr'>collocavit,</span> <span class='ocrx_word' id='word_1_297' title='bbox 1356 2351 1501 2405; x_wconf 87' lang='lat' dir='ltr'>cujus</span> <span class='ocrx_word' id='word_1_298' title='bbox 1516 2350 1723 2393; x_wconf 91' lang='lat' dir='ltr'>radium</span> <span class='ocrx_word' id='word_1_299' title='bbox 1744 2351 1878 2395; x_wconf 77' lang='lat'>0.02174</span> <span class='ocrx_word' id='word_1_300' title='bbox 1899 2351 2201 2404; x_wconf 84' lang='lat' dir='ltr'>aestimavit;</span> <span class='ocrx_word' id='word_1_301' title='bbox 2224 2352 2275 2394; x_wconf 94' lang='lat' dir='ltr'>in</span> <span class='ocrx_word' id='word_1_302' title='bbox 2289 2352 2443 2406; x_wconf 89' lang='lat' dir='ltr'>hujus</span> 
     </span>
     <span class='ocr_line' id='line_1_32' title="bbox 258 2420 2443 2476; baseline 0.002 -15"><span class='ocrx_word' id='word_1_303' title='bbox 258 2423 434 2462; x_wconf 90' lang='lat' dir='ltr'>autem</span> <span class='ocrx_word' id='word_1_304' title='bbox 463 2420 680 2462; x_wconf 87' lang='lat' dir='ltr'>circuitu</span> <span class='ocrx_word' id='word_1_305' title='bbox 699 2420 914 2463; x_wconf 89' lang='lat' dir='ltr'>Terram</span> <span class='ocrx_word' id='word_1_306' title='bbox 943 2422 1236 2473; x_wconf 84' lang='lat' dir='ltr'>collocavit,</span> <span class='ocrx_word' id='word_1_307' title='bbox 1265 2422 1336 2463; x_wconf 91' lang='lat' dir='ltr'>ita</span> <span class='ocrx_word' id='word_1_308' title='bbox 1362 2425 1419 2463; x_wconf 92' lang='lat' dir='ltr'>ut</span> <span class='ocrx_word' id='word_1_309' title='bbox 1441 2422 1492 2463; x_wconf 92' lang='lat' dir='ltr'>in</span> <span class='ocrx_word' id='word_1_310' title='bbox 1517 2422 1744 2476; x_wconf 87' lang='lat' dir='ltr'>syzygiis</span> <span class='ocrx_word' id='word_1_311' title='bbox 1772 2425 2013 2464; x_wconf 90' lang='lat' dir='ltr'>centrum</span> <span class='ocrx_word' id='word_1_312' title='bbox 2038 2422 2171 2465; x_wconf 87' lang='lat' dir='ltr'>illius</span> <span class='ocrx_word' id='word_1_313' title='bbox 2196 2422 2248 2464; x_wconf 90' lang='lat' dir='ltr'>in</span> <span class='ocrx_word' id='word_1_314' title='bbox 2267 2423 2443 2465; x_wconf 87' lang='lat' dir='ltr'>Terrae</span> 
     </span>
     <span class='ocr_line' id='line_1_33' title="bbox 259 2491 2444 2547; baseline 0.001 -14"><span class='ocrx_word' id='word_1_315' title='bbox 259 2493 438 2533; x_wconf 86' lang='lat' dir='ltr'>centro</span> <span class='ocrx_word' id='word_1_316' title='bbox 467 2502 579 2533; x_wconf 88' lang='lat' dir='ltr'>esse</span> <span class='ocrx_word' id='word_1_317' title='bbox 606 2494 656 2532; x_wconf 93' lang='lat' dir='ltr'>et</span> <span class='ocrx_word' id='word_1_318' title='bbox 681 2491 732 2532; x_wconf 92' lang='lat' dir='ltr'>in</span> <span class='ocrx_word' id='word_1_319' title='bbox 759 2492 1090 2545; x_wconf 90' lang='lat' dir='ltr'>quadraturis</span> <span class='ocrx_word' id='word_1_320' title='bbox 1117 2492 1412 2547; x_wconf 90' lang='lat' dir='ltr'>longissime</span> <span class='ocrx_word' id='word_1_321' title='bbox 1435 2493 1500 2535; x_wconf 91' lang='lat' dir='ltr'>ab</span> <span class='ocrx_word' id='word_1_322' title='bbox 1524 2504 1586 2534; x_wconf 90' lang='lat' dir='ltr'>eo</span> <span class='ocrx_word' id='word_1_323' title='bbox 1609 2492 1802 2534; x_wconf 88' lang='lat' dir='ltr'>distare</span> <span class='ocrx_word' id='word_1_324' title='bbox 1824 2492 2159 2535; x_wconf 88' lang='lat' dir='ltr'>existimaret.</span> <span class='ocrx_word' id='word_1_325' title='bbox 2190 2494 2336 2536; x_wconf 90' lang='lat' dir='ltr'>Duos</span> <span class='ocrx_word' id='word_1_326' title='bbox 2358 2506 2444 2536; x_wconf 91' lang='lat' dir='ltr'>au-</span> 
     </span>
     <span class='ocr_line' id='line_1_34' title="bbox 257 2561 2444 2618; baseline 0.002 -16"><span class='ocrx_word' id='word_1_327' title='bbox 257 2564 364 2603; x_wconf 88' lang='lat' dir='ltr'>tem</span> <span class='ocrx_word' id='word_1_328' title='bbox 391 2561 675 2603; x_wconf 84' lang='lat' dir='ltr'>introduxit</span> <span class='ocrx_word' id='word_1_329' title='bbox 701 2562 982 2615; x_wconf 87' lang='lat' dir='ltr'>epicyclos,</span> <span class='ocrx_word' id='word_1_330' title='bbox 1015 2574 1240 2616; x_wconf 89' lang='lat' dir='ltr'>quorum</span> <span class='ocrx_word' id='word_1_331' title='bbox 1268 2564 1444 2606; x_wconf 89' lang='lat' dir='ltr'>radios</span> <span class='ocrx_word' id='word_1_332' title='bbox 1465 2563 1562 2607; x_wconf 74' lang='lat' dir='ltr'>O.0⁵s</span> <span class='ocrx_word' id='word_1_333' title='bbox 1584 2566 1634 2605; x_wconf 93' lang='lat' dir='ltr'>et</span> <span class='ocrx_word' id='word_1_334' title='bbox 1654 2563 1751 2607; x_wconf 84' lang='lat'>0-029</span> <span class='ocrx_word' id='word_1_335' title='bbox 1773 2564 2076 2615; x_wconf 83' lang='lat' dir='ltr'>aestimavit3</span> <span class='ocrx_word' id='word_1_336' title='bbox 2104 2564 2292 2618; x_wconf 91' lang='lat' dir='ltr'>prioris</span> <span class='ocrx_word' id='word_1_337' title='bbox 2315 2564 2444 2618; x_wconf 92' lang='lat' dir='ltr'>peri-</span> 
     </span>
     <span class='ocr_line' id='line_1_35' title="bbox 259 2632 2444 2687; baseline 0.002 -15"><span class='ocrx_word' id='word_1_338' title='bbox 259 2632 420 2673; x_wconf 91' lang='lat' dir='ltr'>odum</span> <span class='ocrx_word' id='word_1_339' title='bbox 442 2643 679 2674; x_wconf 89' lang='lat' dir='ltr'>mensem</span> <span class='ocrx_word' id='word_1_340' title='bbox 702 2633 1123 2676; x_wconf 90' lang='lat' dir='ltr'>anomalisticum</span> <span class='ocrx_word' id='word_1_341' title='bbox 1139 2645 1253 2676; x_wconf 88' lang='lat' dir='ltr'>esse</span> <span class='ocrx_word' id='word_1_342' title='bbox 1268 2634 1502 2687; x_wconf 92' lang='lat' dir='ltr'>putabat,</span> <span class='ocrx_word' id='word_1_343' title='bbox 1526 2645 1648 2676; x_wconf 93' lang='lat' dir='ltr'>cum</span> <span class='ocrx_word' id='word_1_344' title='bbox 1663 2645 1757 2687; x_wconf 94' lang='lat' dir='ltr'>per</span> <span class='ocrx_word' id='word_1_345' title='bbox 1772 2635 1996 2676; x_wconf 91' lang='lat' dir='ltr'>alterum</span> <span class='ocrx_word' id='word_1_346' title='bbox 2012 2635 2162 2677; x_wconf 92' lang='lat' dir='ltr'>Luna</span> <span class='ocrx_word' id='word_1_347' title='bbox 2178 2634 2444 2677; x_wconf 89' lang='lat' dir='ltr'>contraria</span> 
     </span>
     <span class='ocr_line' id='line_1_36' title="bbox 259 2701 2444 2759; baseline 0.002 -16"><span class='ocrx_word' id='word_1_348' title='bbox 259 2701 542 2744; x_wconf 89' lang='lat' dir='ltr'>directione</span> <span class='ocrx_word' id='word_1_349' title='bbox 571 2703 848 2745; x_wconf 90' lang='lat' dir='ltr'>velocitate</span> <span class='ocrx_word' id='word_1_350' title='bbox 875 2704 1032 2757; x_wconf 89' lang='lat' dir='ltr'>duplo</span> <span class='ocrx_word' id='word_1_351' title='bbox 1060 2705 1262 2758; x_wconf 90' lang='lat' dir='ltr'>majore</span> <span class='ocrx_word' id='word_1_352' title='bbox 1283 2707 1602 2754; x_wconf 89' lang='lat' dir='ltr'>moveretur,</span> <span class='ocrx_word' id='word_1_353' title='bbox 1636 2704 1707 2746; x_wconf 88' lang='lat' dir='ltr'>ita</span> <span class='ocrx_word' id='word_1_354' title='bbox 1736 2708 1792 2746; x_wconf 90' lang='lat' dir='ltr'>ut</span> <span class='ocrx_word' id='word_1_355' title='bbox 1821 2705 1873 2746; x_wconf 92' lang='lat' dir='ltr'>in</span> <span class='ocrx_word' id='word_1_356' title='bbox 1901 2705 2135 2759; x_wconf 87' lang='lat' dir='ltr'>Apogaeo</span> <span class='ocrx_word' id='word_1_357' title='bbox 2165 2705 2264 2750; x_wconf 87' lang='lat'><strong>0·029</strong></span> <span class='ocrx_word' id='word_1_358' title='bbox 2294 2709 2444 2748; x_wconf 87' lang='lat' dir='ltr'>extra</span> 
     </span>
     <span class='ocr_line' id='line_1_37' title="bbox 259 2772 2445 2831; baseline 0.002 -18"><span class='ocrx_word' id='word_1_359' title='bbox 259 2772 512 2814; x_wconf 89' lang='lat' dir='ltr'>circulum</span> <span class='ocrx_word' id='word_1_360' title='bbox 545 2772 865 2816; x_wconf 89' lang='lat' dir='ltr'>deferentem</span> <span class='ocrx_word' id='word_1_361' title='bbox 900 2777 950 2816; x_wconf 88' lang='lat' dir='ltr'>et</span> <span class='ocrx_word' id='word_1_362' title='bbox 978 2774 1029 2816; x_wconf 92' lang='lat' dir='ltr'>in</span> <span class='ocrx_word' id='word_1_363' title='bbox 1058 2775 1284 2828; x_wconf 86' lang='lat' dir='ltr'>Perigaeo</span> <span class='ocrx_word' id='word_1_364' title='bbox 1317 2774 1415 2819; x_wconf 87' lang='lat'>0.087</span> <span class='ocrx_word' id='word_1_365' title='bbox 1443 2774 1579 2816; x_wconf 89' lang='lat' dir='ltr'>intra</span> <span class='ocrx_word' id='word_1_366' title='bbox 1613 2776 1839 2817; x_wconf 92' lang='lat' dir='ltr'>eundem</span> <span class='ocrx_word' id='word_1_367' title='bbox 1873 2779 2022 2817; x_wconf 89' lang='lat' dir='ltr'>esset.</span> <span class='ocrx_word' id='word_1_368' title='bbox 2058 2776 2177 2818; x_wconf 92' lang='lat' dir='ltr'>Duo</span> <span class='ocrx_word' id='word_1_369' title='bbox 2203 2776 2354 2831; x_wconf 90' lang='lat' dir='ltr'>igitur</span> <span class='ocrx_word' id='word_1_370' title='bbox 2375 2776 2445 2818; x_wconf 93' lang='lat' dir='ltr'>illi</span> 
     </span>
     <span class='ocr_line' id='line_1_38' title="bbox 259 2842 2442 2898; baseline 0.003 -15"><span class='ocrx_word' id='word_1_371' title='bbox 259 2842 479 2895; x_wconf 90' lang='lat' dir='ltr'>epicycli</span> <span class='ocrx_word' id='word_1_372' title='bbox 504 2842 730 2895; x_wconf 91' lang='lat' dir='ltr'>primam</span> <span class='ocrx_word' id='word_1_373' title='bbox 760 2844 1171 2897; x_wconf 87' lang='lat' dir='ltr'>inaequalitatem</span> <span class='ocrx_word' id='word_1_374' title='bbox 1201 2844 1515 2895; x_wconf 88' lang='lat' dir='ltr'>efficiebant,</span> <span class='ocrx_word' id='word_1_375' title='bbox 1548 2856 1671 2887; x_wconf 92' lang='lat' dir='ltr'>cum</span> <span class='ocrx_word' id='word_1_376' title='bbox 1702 2845 1937 2887; x_wconf 90' lang='lat' dir='ltr'>maxima</span> <span class='ocrx_word' id='word_1_377' title='bbox 1968 2849 2119 2897; x_wconf 89' lang='lat' dir='ltr'>esset,</span> <span class='ocrx_word' id='word_1_378' title='bbox 2149 2846 2202 2888; x_wconf 90' lang='lat'>4⁰</span> <span class='ocrx_word' id='word_1_379' title='bbox 2227 2847 2304 2889; x_wconf 75' lang='lat'>59⁴</span> <span class='ocrx_word' id='word_1_380' title='bbox 2333 2847 2442 2898; x_wconf 70' lang='lat'>30⁰,</span> 
     </span>
     <span class='ocr_line' id='line_1_39' title="bbox 261 2913 2444 2971; baseline 0.002 -16"><span class='ocrx_word' id='word_1_381' title='bbox 261 2913 483 2955; x_wconf 91' lang='lat' dir='ltr'>circulus</span> <span class='ocrx_word' id='word_1_382' title='bbox 500 2916 691 2963; x_wconf 92' lang='lat' dir='ltr'>autem,</span> <span class='ocrx_word' id='word_1_383' title='bbox 709 2914 795 2966; x_wconf 91' lang='lat' dir='ltr'>qui</span> <span class='ocrx_word' id='word_1_384' title='bbox 810 2925 902 2967; x_wconf 94' lang='lat' dir='ltr'>per</span> <span class='ocrx_word' id='word_1_385' title='bbox 914 2915 1130 2956; x_wconf 88' lang='lat' dir='ltr'>Terram</span> <span class='ocrx_word' id='word_1_386' title='bbox 1145 2915 1267 2966; x_wconf 91' lang='lat' dir='ltr'>ibat,</span> <span class='ocrx_word' id='word_1_387' title='bbox 1287 2916 1509 2957; x_wconf 90' lang='lat' dir='ltr'>alteram</span> <span class='ocrx_word' id='word_1_388' title='bbox 1525 2915 1789 2958; x_wconf 89' lang='lat' dir='ltr'>efficiebat</span> <span class='ocrx_word' id='word_1_389' title='bbox 1807 2916 1823 2957; x_wconf 97' lang='lat' dir='ltr'>l</span> <span class='ocrx_word' id='word_1_390' title='bbox 1843 2919 1858 2943; x_wconf 94' lang='lat'><strong>⁰</strong></span> <span class='ocrx_word' id='word_1_391' title='bbox 1877 2916 1949 2958; x_wconf 86' lang='lat'>14¹</span> <span class='ocrx_word' id='word_1_392' title='bbox 1966 2916 2022 2958; x_wconf 87' lang='lat'>45</span> <span class='ocrx_word' id='word_1_393' title='bbox 2034 2919 2074 2968; x_wconf 77' lang='lat'>⁴⁴,</span> <span class='ocrx_word' id='word_1_394' title='bbox 2092 2917 2180 2971; x_wconf 92' lang='lat' dir='ltr'>qui</span> <span class='ocrx_word' id='word_1_395' title='bbox 2194 2930 2444 2960; x_wconf 90' lang='lat' dir='ltr'>numerus</span> 
     </span>
     <span class='ocr_line' id='line_1_40' title="bbox 259 2983 1097 3027; baseline 0.004 -3"><span class='ocrx_word' id='word_1_396' title='bbox 259 2985 464 3024; x_wconf 84' lang='lat' dir='ltr'>tantum</span> <span class='ocrx_word' id='word_1_397' title='bbox 489 2983 531 3023; x_wconf 77' lang='lat'>1¹</span> <span class='ocrx_word' id='word_1_398' title='bbox 554 2983 646 3024; x_wconf 77' lang='lat'><strong><em>42⁴¹</em></strong></span> <span class='ocrx_word' id='word_1_399' title='bbox 665 2995 792 3026; x_wconf 89' lang='lat' dir='ltr'>vero</span> <span class='ocrx_word' id='word_1_400' title='bbox 814 2984 987 3027; x_wconf 87' lang='lat' dir='ltr'>minor</span> <span class='ocrx_word' id='word_1_401' title='bbox 1007 2988 1097 3027; x_wconf 88' lang='lat' dir='ltr'>est.</span> 
     </span>
    </p>

    <p class='ocr_par' dir='ltr' id='par_1_5' title="bbox 261 3053 2445 3182">
     <span class='ocr_line' id='line_1_41' title="bbox 317 3053 2445 3112; baseline 0.004 -19"><span class='ocrx_word' id='word_1_402' title='bbox 317 3053 515 3094; x_wconf 91' lang='lat' dir='ltr'>Verum</span> <span class='ocrx_word' id='word_1_403' title='bbox 542 3053 684 3095; x_wconf 92' lang='lat' dir='ltr'>illam</span> <span class='ocrx_word' id='word_1_404' title='bbox 713 3055 1073 3107; x_wconf 68' lang='lat' dir='ltr'>quaestionem,</span> <span class='ocrx_word' id='word_1_405' title='bbox 1103 3068 1263 3109; x_wconf 92' lang='lat' dir='ltr'>quam</span> <span class='ocrx_word' id='word_1_406' title='bbox 1292 3068 1461 3109; x_wconf 90' lang='lat' dir='ltr'>neque</span> <span class='ocrx_word' id='word_1_407' title='bbox 1486 3057 1770 3100; x_wconf 87' lang='lat' dir='ltr'>Ptolemaeo</span> <span class='ocrx_word' id='word_1_408' title='bbox 1797 3069 1967 3111; x_wconf 89' lang='lat' dir='ltr'>neque</span> <span class='ocrx_word' id='word_1_409' title='bbox 1986 3058 2248 3101; x_wconf 86' lang='lat' dir='ltr'>Arabibus</span> <span class='ocrx_word' id='word_1_410' title='bbox 2274 3070 2445 3112; x_wconf 87' lang='lat' dir='ltr'>neque</span> 
     </span>
     <span class='ocr_line' id='line_1_42' title="bbox 261 3123 2442 3182; baseline 0.004 -18"><span class='ocrx_word' id='word_1_411' title='bbox 261 3123 549 3176; x_wconf 89' lang='lat' dir='ltr'>Copernico</span> <span class='ocrx_word' id='word_1_412' title='bbox 577 3124 864 3178; x_wconf 90' lang='lat' dir='ltr'>contigerat</span> <span class='ocrx_word' id='word_1_413' title='bbox 883 3128 939 3167; x_wconf 90' lang='lat' dir='ltr'>ut</span> <span class='ocrx_word' id='word_1_414' title='bbox 958 3127 1236 3176; x_wconf 89' lang='lat' dir='ltr'>solverent,</span> <span class='ocrx_word' id='word_1_415' title='bbox 1265 3126 1419 3168; x_wconf 91' lang='lat' dir='ltr'>solvit</span> <span class='ocrx_word' id='word_1_416' title='bbox 1438 3126 1635 3179; x_wconf 89' lang='lat' dir='ltr'>Tycho‚</span> <span class='ocrx_word' id='word_1_417' title='bbox 1665 3128 1752 3181; x_wconf 92' lang='lat' dir='ltr'>qui</span> <span class='ocrx_word' id='word_1_418' title='bbox 1777 3128 1987 3170; x_wconf 85' lang='lat' dir='ltr'>tertiam</span> <span class='ocrx_word' id='word_1_419' title='bbox 2013 3128 2442 3182; x_wconf 87' lang='lat' dir='ltr'>inaequalitatem,</span> 
     </span>
    </p>
   </div>
   <div class='ocr_carea' id='block_1_3' title="bbox 321 3206 1536 3254">
    <p class='ocr_par' dir='ltr' id='par_1_6' title="bbox 321 3206 1536 3254">
     <span class='ocr_line' id='line_1_43' title="bbox 321 3206 1536 3254; baseline 0.004 -14"><span class='ocrx_word' id='word_1_420' title='bbox 321 3207 331 3230; x_wconf 92' lang='lat'>1</span> <span class='ocrx_word' id='word_1_421' title='bbox 355 3206 413 3241; x_wconf 81' lang='lat' dir='ltr'>Cf.</span> <span class='ocrx_word' id='word_1_422' title='bbox 435 3207 611 3251; x_wconf 75' lang='lat' dir='ltr'>Histoty</span> <span class='ocrx_word' id='word_1_423' title='bbox 631 3208 680 3241; x_wconf 79' lang='lat' dir='ltr'>of</span> <span class='ocrx_word' id='word_1_424' title='bbox 695 3208 761 3242; x_wconf 81' lang='lat' dir='ltr'>the</span> <span class='ocrx_word' id='word_1_425' title='bbox 781 3209 1008 3253; x_wconf 82' lang='lat' dir='ltr'>Planetary</span> <span class='ocrx_word' id='word_1_426' title='bbox 1029 3209 1233 3253; x_wconf 81' lang='lat' dir='ltr'>systems</span> <span class='ocrx_word' id='word_1_427' title='bbox 1252 3221 1318 3254; x_wconf 85' lang='lat' dir='ltr'>pp.</span> <span class='ocrx_word' id='word_1_428' title='bbox 1339 3211 1536 3245; x_wconf 82' lang='lat'>252—256.</span> 
     </span>
    </p>
   </div>
  </div>
 </body>
</html>
