2678 4069
749 336 1415 391 PROLEGOMENA
1444 342 1844 396 EDITORIS
2319 348 2390 398 IL

265 474 782 526 Quomodocumque
803 485 859 516 se
880 475 965 517 hae
985 487 1070 518 res
1090 476 1400 529 habuerunt,
1431 492 1654 532 quarum
1676 485 1988 536 complures,
2013 488 2167 537 atque
2189 497 2278 527 eas
2299 486 2389 527 im-

204 545 402 599 primis,
431 556 551 598 quae
579 545 647 586 ad
677 555 863 586 eorum
890 545 1167 588 hominum
1194 548 1423 591 rationes
1451 551 1644 601 attinet,
1674 554 1759 605 qui
1785 554 2102 606 reipublicae
2124 557 2389 608 praepositi

205 619 369 667 erant,
391 615 544 658 nobis
564 627 755 669 parum
777 616 1012 669 cognitas
1033 628 1148 658 esse
1170 618 1454 661 dolendum
1476 624 1567 671 est,
1591 623 1767 664 animo
1789 628 1928 666 certe
1949 627 2085 667 elato
2106 626 2285 679 Tycho
2308 638 2390 668 ca-

204 687 497 730 lamitatem
518 698 672 728 suam
692 685 821 727 tulit.
851 686 991 727 Dum
1013 688 1171 728 variis
1192 689 1320 730 locis
1343 691 1574 733 actiones
1595 693 1823 743 instituit,
1846 698 1901 735 ut
1921 707 2117 737 novam
2139 697 2318 738 sedem
2340 701 2389 738 et

203 769 373 801 novas
406 769 534 811 opes
567 758 635 799 ad
669 768 888 810 operam
922 769 1076 799 suam
1109 759 1521 802 continuandam
1557 762 1822 813 inveniret,
1865 767 2002 817 apud
2038 766 2386 809 HENRICUM

205 827 649 871 RANTZOVIUM
677 827 729 869 in
757 828 974 870 castello
996 827 1398 883 Wandesburgo
1425 843 1587 884 prope
1611 833 1974 888 Hamburgum
2001 836 2286 878 habitabat.
2316 839 2388 879 Ex

203 899 562 942 instrumentis
583 898 690 940 suis
711 898 895 951 paucis
914 902 1121 940 tantum
1142 900 1215 940 uti
1235 904 1463 952 poterat;
1494 915 1617 944 nam
1645 906 1890 957 pleraque
1912 907 2121 948 condita
2148 912 2309 957 erant,
2339 912 2388 949 et

205 974 453 1024 quattuor
483 981 511 1012 e
539 969 804 1019 maximis,
838 969 971 1010 inter
1001 981 1121 1022 quae
1150 971 1384 1012 Armillae
1417 974 1667 1016 maximae
1698 979 1747 1016 et
1777 975 2052 1025 Quadrans
2083 978 2385 1030 chalybeus‚

205 1053 324 1095 quae
353 1041 591 1084 omnium
619 1040 728 1082 fere
750 1039 1014 1081 maximas
1035 1043 1211 1093 partes
1234 1042 1471 1095 agebant,
1504 1044 1661 1085 etiam
1683 1049 1805 1087 tunc
1829 1046 2029 1089 Hvenae
2051 1052 2198 1088 erant
2220 1060 2281 1090 ac
2303 1060 2389 1101 po-

203 1116 317 1155 stea
338 1113 556 1154 demum
577 1111 628 1153 in
650 1111 960 1153 Bohemiam
991 1111 1059 1153 ad
1085 1122 1208 1153 eum
1237 1112 1398 1154 missa
1425 1118 1557 1156 sunt.
1586 1115 1783 1157 Verum
1804 1128 1908 1158 non
1930 1118 2266 1169 quiescebant
2286 1120 2389 1171 pla-

203 1186 356 1234 netae,
392 1183 514 1236 quia
547 1185 726 1225 custos
756 1193 944 1224 eorum
975 1181 1278 1224 melioribus
1310 1184 1511 1226 auxiliis
1542 1186 1771 1236 carebat,
1807 1191 1961 1239 atque
1992 1188 2166 1229 animo
2196 1189 2388 1231 invicto

202 1254 384 1308 Tycho
407 1254 475 1296 ad
495 1256 672 1296 motus
693 1264 896 1303 eorum,
926 1255 1183 1306 quantum
1205 1253 1318 1295 fieri
1337 1258 1557 1307 poterat,
1585 1256 1943 1298 observandos
1965 1260 2198 1300 accessit.
2230 1260 2387 1301 Radio

205 1338 235 1367 a
264 1326 438 1379 prima
466 1327 624 1367 aetate
655 1326 961 1377 contempto
991 1324 1066 1365 uti
1096 1336 1258 1376 quam
1289 1325 1503 1367 omnino
1533 1326 1656 1367 nihil
1687 1327 1895 1369 efficere
1925 1328 2251 1380 praeferebat.
2287 1330 2388 1371 Etsi

202 1407 330 1439 vero
353 1397 571 1450 angulos
591 1395 804 1437 horales
825 1395 1097 1437 stellarum
1118 1406 1211 1447 per
1232 1396 1464 1437 armillas
1487 1397 1817 1439 observando
1837 1401 2043 1450 tempus
2058 1399 2270 1441 definire
2286 1411 2389 1441 non

201 1470 424 1521 poterat,
446 1467 518 1509 ita
532 1478 645 1508 rem
661 1465 894 1519 perfecit,
916 1468 974 1507 ut
989 1468 1281 1516 annotaret,
1300 1467 1440 1518 quod
1454 1468 1704 1520 temporis
1719 1472 2047 1510 momentum
2062 1469 2388 1523 horologium

200 1538 471 1589 indicaret,
494 1549 618 1580 cum
640 1538 761 1580 duae
783 1537 949 1579 stellae
970 1536 1217 1590 majores,
1241 1549 1466 1590 quarum
1486 1539 1649 1579 altera
1665 1539 1820 1580 Stella
1835 1540 2027 1580 Polaris
2043 1551 2156 1581 esse
2172 1541 2387 1590 solebat,

200 1609 394 1651 lineam
408 1609 717 1651 verticalem
733 1608 1019 1658 efficerent,
1037 1619 1102 1649 ex
1118 1619 1221 1660 quo
1237 1611 1445 1661 tempus
1461 1609 1731 1661 supputari
1745 1613 1963 1662 poterat.
1982 1610 2198 1663 Contigit
2212 1614 2388 1652 tamen

201 1680 263 1731 ei,
294 1683 352 1722 ut
379 1679 523 1722 initio
555 1679 678 1721 anni
711 1678 822 1721 1598
853 1679 1218 1729 Quadrantem
1248 1691 1401 1720 suam
1432 1679 1716 1721 volubilem
1747 1680 1977 1733 erigeret,
2010 1681 2095 1732 qui
2123 1692 2313 1733 magno
2345 1681 2389 1722 ei

200 1751 318 1793 usui
338 1750 447 1793 fuit.
478 1751 549 1793 Ut
568 1762 788 1793 suarum
810 1750 1243 1792 observationum
1265 1750 1400 1792 vitiis
1424 1751 1736 1801 mederetur,
1767 1750 2193 1792 observationum
2220 1752 2390 1803 plane-

199 1825 376 1864 tarum
404 1834 435 1864 a
462 1821 718 1863 DAVIDE
740 1821 1057 1872 FABRICIO,
1087 1821 1430 1863 observatore
1452 1821 1856 1875 diligentissimo,
1885 1821 1935 1862 in
1962 1821 2119 1862 Frisia
2143 1821 2390 1862 Orientali

199 1893 555 1936 institutarum
576 1893 821 1946 exempla
840 1892 1186 1945 transscripta
1207 1892 1553 1945 comparavit.
1576 1893 1620 1933 A
1640 1903 1820 1933 mense
1839 1891 2118 1933 Decembri
2139 1892 2258 1933 anni
2282 1891 2390 1932 1598

202 1964 401 2017 aliquot
421 1975 631 2006 menses
646 1963 1044 2017 Wittembergae
1066 1963 1464 2005 observationes
1485 1963 1621 2013 fecit,
1645 1963 1812 2004 donec
1833 1963 2047 2003 tandem
2069 1965 2250 2003 aestate
2273 1962 2392 2003 anni

205 2035 318 2078 1599
336 2035 389 2077 in
410 2034 663 2077 Bohemia
677 2038 891 2088 portum
904 2034 1115 2076 invenit.
1139 2034 1237 2076 Sed
1254 2034 1339 2076 hic
1357 2045 1565 2087 quoque
1581 2033 1748 2075 ordini
1763 2036 1812 2074 et
1827 2032 2136 2074 constantiae
2151 2033 2390 2073 laborum

202 2106 604 2149 incommodum
633 2105 817 2156 attulit,
847 2106 990 2159 quod
1017 2105 1211 2158 saepius
1237 2105 1289 2146 in
1317 2105 1477 2146 alium
1498 2106 1675 2147 locum
1698 2103 2025 2157 demigravit:
2057 2104 2216 2156 Praga
2238 2103 2391 2143 Bena-

203 2177 396 2228 chiam,
430 2177 552 2219 hinc
583 2188 764 2219 rursus
791 2177 1028 2231 Pragam,
1059 2176 1291 2230 primum
1321 2176 1373 2217 in
1401 2176 1582 2217 villam
1611 2174 1942 2228 imperatoris
1970 2172 2389 2222 FERDINANDI,

201 2248 426 2301 denique
459 2247 677 2291 CURTII
709 2248 947 2298 domum,
979 2247 1070 2289 ubi
1096 2250 1324 2289 mortem
1353 2247 1492 2289 obiit.
1525 2246 1626 2288 Sed
1653 2246 1703 2287 in
1731 2245 1974 2288 omnibus
2002 2244 2392 2286 difficultatibus

202 2319 601 2362 observationes
627 2330 794 2372 usque
822 2319 890 2360 ad
910 2318 1156 2360 ultimum
1182 2318 1345 2360 finem
1366 2317 1687 2360 continuatae
1715 2320 1849 2366 sunt,
1880 2327 1941 2357 ac
1968 2315 2232 2368 praecipue
2259 2317 2393 2367 post-

201 2402 363 2444 quam
385 2390 565 2432 omnia
585 2390 949 2440 instrumenta,
974 2389 1160 2431 ultima
1180 2400 1345 2443 prope
1366 2388 1564 2431 exitum
1587 2388 1708 2429 anni
1733 2387 1858 2436 1600,
1887 2386 1938 2428 in
1959 2385 2263 2428 Bohemiam
2285 2396 2393 2437 per-

200 2462 308 2503 lata
329 2464 463 2503 sunt.

261 2532 394 2574 Cum
413 2531 595 2585 Tycho
617 2532 845 2573 Daniam
867 2532 1197 2585 relinqueret,
1220 2531 1457 2573 nondum
1480 2530 1781 2572 absolutum
1800 2531 1912 2570 erat
1925 2527 2050 2569 illud
2066 2538 2212 2579 opus,
2236 2525 2390 2578 quod,

202 2615 531 2656 quamquam
557 2603 668 2656 ipse
695 2614 802 2644 non
827 2602 900 2644 ita
925 2603 1181 2652 voluerat,
1215 2604 1386 2643 morte
1414 2601 1524 2655 ejus
1553 2602 1878 2653 praematura
1906 2601 2064 2651 caput
2090 2597 2289 2638 factum
2316 2598 2393 2637 est

202 2674 457 2725 omnium,
480 2685 601 2726 quae
622 2673 919 2727 scripserat.
942 2673 1094 2715 Anno
1114 2671 1224 2714 1588
1240 2670 1787 2724 Progymnasmatum
1811 2672 2015 2722 partem
2033 2668 2258 2721 primam
2275 2677 2393 2707 con-

202 2744 433 2787 scribere
460 2747 711 2797 coeperat‚
741 2756 861 2798 quae
892 2744 1083 2786 eodem
1111 2754 1250 2785 anno
1273 2743 1412 2795 typis
1434 2741 1658 2783 describi
1679 2743 1854 2793 coepta
1875 2743 1966 2781 est.
1997 2739 2096 2780 Sed
2116 2738 2264 2779 tarde
2286 2748 2394 2789 ege-

202 2817 323 2857 runt
352 2814 685 2869 typographi,
725 2815 957 2868 primum
991 2814 1111 2867 quia
1152 2814 1334 2855 deerat
1366 2813 1567 2863 charta,
1608 2812 1776 2853 donec
1816 2809 2091 2851 moletrina
2131 2806 2393 2849 chartaria

203 2885 408 2928 Hvenae
435 2888 705 2928 exstructa
731 2889 824 2937 est,
856 2888 971 2927 tum
999 2885 1121 2938 quia
1144 2883 1516 2937 inquisitioneS,
1546 2883 1610 2924 de
1632 2882 1818 2935 quibus
1839 2880 1890 2921 in
1910 2880 2040 2921 libro
2063 2879 2242 2932 agitur,
2271 2888 2393 2918 non-

202 2956 330 2998 dum
358 2967 544 2998 omnes
572 2956 831 2999 absolutae
859 2959 1023 2998 erant.
1051 2956 1324 2997 Absolutae
1344 2957 1525 2995 tamen
1546 2956 1709 3002 erant,
1739 2961 2088 3004 quaecumque
2110 2949 2176 2989 ad
2197 2958 2391 2988 novam

202 3028 409 3069 stellam
435 3027 781 3080 pertinebant,
811 3038 974 3080 quare
1000 3026 1118 3068 haec
1145 3025 1284 3078 typis
1311 3024 1573 3077 descripta
1603 3026 1736 3072 sunt,
1766 3033 1888 3063 cum
1918 3020 2113 3072 aliquot
2139 3016 2391 3070 quaterni-

203 3108 331 3140 ones
351 3098 714 3151 praecedentes
734 3097 943 3139 interim
963 3096 1120 3139 vacui
1140 3096 1568 3148 relinquerentur.
1593 3094 1723 3134 Cum
1744 3093 1815 3133 ita
1835 3094 1954 3144 post
1973 3090 2199 3142 primum
2217 3089 2388 3138 caput,

203 3168 345 3220 quod
365 3168 430 3210 de
451 3167 570 3210 Sole
592 3168 796 3222 agebat,
820 3167 1014 3220 aliquid
1035 3166 1187 3220 spatii
1211 3176 1486 3219 superesse
1505 3165 1796 3217 appareret,
1821 3160 2164 3214 appendicem
2180 3155 2391 3198 inseruit

202 3238 268 3280 de
289 3238 455 3281 Lunae
476 3241 641 3289 motu,
665 3250 991 3291 quamquam
1014 3238 1081 3279 ad
1102 3248 1299 3279 novam
1321 3236 1528 3277 stellam
1550 3237 1640 3275 aut
1655 3232 2008 3275 definitionem
2024 3231 2258 3271 locorum
2278 3226 2389 3267 stel-

202 3309 374 3350 larum
394 3308 625 3350 fixarum
644 3309 730 3351 hic
751 3308 876 3351 nihil
897 3308 1205 3361 pertinebat.
1229 3307 1330 3348 Sed
1350 3317 1542 3358 magna
1563 3304 1722 3356 ipsius
1742 3301 2003 3354 Tychonis
2023 3301 2246 3345 inventa,
2271 3307 2387 3347 quae

203 3379 271 3420 ad
293 3379 459 3420 Lunae
479 3383 685 3421 motum
709 3379 1013 3424 attinebant,
1037 3389 1201 3420 causa
1223 3377 1331 3426 fuit,
1355 3387 1448 3417 cur
1462 3375 1578 3416 haec
1596 3372 1855 3425 appendix
1872 3370 2014 3412 brevi
2030 3372 2147 3410 ante
2163 3370 2386 3408 mortem

349 3462 415 3503 (G)
