2678 4069
723 284 1394 338 PROLEGOMENA
1421 285 1826 338 EDITORIS
2266 285 2372 335 VII

180 423 248 466 ad
278 422 506 477 primam
536 423 820 466 editionem
853 422 1121 478 Syntaxis
1153 426 1412 477 Latinam,
1436 438 1556 479 quae
1584 425 1723 480 typis
1754 425 2016 479 descripta
2045 428 2123 467 est
2142 424 2372 467 Venetiis

180 506 318 537 anno
339 494 470 545 1515;
494 498 676 537 secuta
697 499 775 537 est
795 495 966 548 prima
986 495 1345 550 interpretatio
1367 509 1395 539 e
1418 497 1607 539 Graeco
1629 508 1873 539 sermone
1895 496 2138 539 confecta
2152 495 2372 551 (Parisiis

183 565 310 617 1528,
328 578 391 608 ac
413 569 598 620 postea
614 566 832 609 Basileae
852 567 1004 623 1551);
1027 569 1242 610 tandem
1264 579 1391 610 vero
1413 567 1527 621 ipsa
1541 568 1705 610 verba
1721 568 1910 610 Graeca
1924 567 1976 608 in
1991 568 2164 609 lucem
2180 566 2372 608 emissa

179 640 299 680 sunt
320 636 537 679 Basileae
563 637 688 679 1538.

238 708 442 751 Accidit
469 711 664 759 autem,
686 711 742 750 ut
767 709 869 751 hac
897 710 1010 763 ipsa
1037 713 1211 761 aetate,
1235 722 1339 763 qua
1366 721 1528 764 opera
1556 713 1794 752 veterum
1821 709 2026 763 penitus
2053 720 2372 762 cognoscere

179 780 337 831 licuit,
359 780 438 821 vir
468 780 685 832 quidam
706 782 995 833 praeclarus
1016 793 1214 824 novum
1236 784 1472 834 systema
1493 785 1734 824 motuum
1756 782 2087 835 planetarum
2108 779 2372 833 explicare

179 851 483 893 institueret.
512 851 776 904 Perspexit
809 852 1147 894 NICOLAUS
1179 851 1582 894 COPERNICUS
1612 851 1956 907 (1473—1543),
1987 852 2153 893 multo
2183 850 2372 903 simpli-

180 922 292 965 cius
311 921 459 964 reddi
480 933 636 975 posse
657 925 892 975 systema
906 923 1189 974 Ptolemaei,
1205 923 1248 965 si
1264 923 1669 977 uniuscujusque
1692 923 1918 976 quinque
1940 923 2271 976 planetarum
2285 921 2371 963 illo

180 996 329 1036 motu
351 992 594 1035 circulari
622 993 836 1043 omisso,
861 994 947 1046 qui
969 1006 1059 1036 eas
1081 994 1375 1037 anomalias
1396 995 1680 1047 explanare
1702 994 1943 1044 debebat,
1967 1005 2086 1047 quae
2107 993 2301 1034 mirum
2321 992 2373 1033 in

179 1064 402 1107 modum
432 1064 732 1117 pendebant
760 1076 826 1107 ex
856 1065 1221 1116 collocatione,
1244 1077 1405 1118 quarn
1435 1066 1645 1118 planeta
1667 1065 1734 1106 ad
1755 1065 1929 1107 Solem
1949 1064 2177 1114 tenebat,
2197 1063 2236 1104 T
2239 1075 2372 1105 errae

179 1136 408 1178 invicem
437 1138 613 1178 motus
644 1135 914 1178 circularis
945 1136 1086 1179 circa
1117 1137 1292 1179 Solem
1321 1136 1651 1179 tribueretur.
1676 1136 1850 1186 Quare
1877 1135 2016 1177 enim
2038 1136 2273 1188 planetas
2294 1147 2373 1177 su-

181 1207 413 1262 periores
441 1210 564 1257 tres,
595 1207 822 1249 Martem
852 1210 903 1250 et
927 1207 1116 1258 Jovem
1146 1211 1196 1250 et
1226 1208 1525 1258 Saturnum,
1555 1207 1989 1260 quotiescumque
2016 1206 2120 1249 Soli
2148 1206 2372 1260 oppositi

181 1282 370 1330 essent,
387 1278 713 1331 aliquamdiu
733 1279 1130 1332 retrogradare?
1153 1279 1305 1322 Hanc
1326 1279 1833 1332 retrogradationem
1854 1278 1926 1319 ita
1947 1278 2230 1331 explanare
2245 1278 2374 1319 sole-

181 1351 324 1402 bant,
344 1352 402 1392 ut
421 1350 660 1403 planetas
681 1361 897 1392 cursum
917 1362 1072 1392 suum
1094 1350 1145 1392 in
1166 1350 1405 1404 epicyclo
1420 1361 1526 1393 uno
1543 1361 1681 1392 anno
1698 1349 1960 1392 conficere
1981 1351 2244 1402 putarent;
2267 1360 2372 1390 uno

179 1425 358 1464 autem
380 1432 520 1463 anno
536 1421 624 1463 Sol
646 1432 857 1474 quoque
873 1420 1015 1463 circa
1029 1421 1246 1463 Terram
1266 1422 1659 1472 revolvebatur;
1685 1432 1788 1474 quo
1803 1420 2005 1462 facturn
2022 1422 2114 1470 est,
2130 1422 2186 1461 ut
2200 1422 2376 1462 motus

179 1493 312 1536 Solis
334 1504 457 1535 curn
477 1492 636 1534 trium
658 1493 990 1545 planetarum
1012 1492 1244 1535 motibus
1265 1493 1459 1534 mirum
1480 1492 1532 1534 in
1553 1492 1773 1535 modum
1796 1491 2106 1546 conjunctus
2127 1493 2278 1532 esset.
2302 1491 2378 1532 In-

178 1564 399 1607 feriores
420 1566 599 1606 autem
624 1564 869 1617 planetae,
893 1564 1186 1607 Mercurius
1208 1575 1270 1606 ac
1292 1564 1485 1615 Venus,
1509 1564 1675 1618 magis
1697 1563 1857 1605 etiam
1879 1561 2225 1615 conspicuum
2247 1564 2373 1612 erat,

181 1638 434 1689 quantum
459 1647 490 1676 a
512 1634 630 1677 Sole
658 1634 961 1688 penderent,
984 1647 1108 1677 cum
1134 1647 1428 1688 numquam
1457 1635 1522 1677 ab
1550 1635 1636 1677 illo
1658 1636 1809 1688 longe
1831 1633 2098 1683 d1starent,
2120 1635 2170 1675 et
2191 1645 2376 1675 eorum

179 1707 542 1761 epicyclorum
577 1709 758 1749 centra
791 1718 896 1749 uno
929 1718 1068 1749 anno
1099 1717 1192 1760 per
1222 1706 1447 1748 circulos
1478 1705 1772 1748 deferentes
1801 1705 2210 1747 revolverentur.
2245 1704 2376 1746 Haec

180 1777 359 1821 omnia
379 1789 487 1820 non
501 1778 763 1820 latuerant
777 1780 997 1828 veteres,
1016 1777 1102 1831 qui
1117 1780 1297 1819 tamen
1312 1777 1438 1819 satis
1453 1777 1748 1819 habuerant
1763 1775 2078 1830 existimare,
2096 1775 2270 1817 Solem
2287 1786 2379 1817 cor

179 1861 295 1893 esse
315 1849 545 1891 universi
566 1848 718 1902 eique
739 1860 986 1903 praeesse,
1002 1849 1137 1891 sicut
1158 1848 1317 1891 etiam
1338 1848 1567 1891 hominis
1588 1847 1753 1898 cordi,
1770 1846 1864 1889 etsi
1885 1846 2118 1888 medium
2140 1846 2376 1899 corporis

179 1932 286 1964 non
316 1923 534 1971 teneret,
566 1920 838 1974 praecipua
867 1923 1047 1962 tamen
1077 1920 1155 1963 vis
1184 1919 1355 1962 vitalis
1384 1919 1614 1962 inesset¹.
1646 1919 1722 1961 Ac
1752 1921 2027 1972 praeterea,
2058 1928 2181 1959 cum
2212 1917 2377 1958 Lunae

180 2004 391 2046 quoque
421 1994 599 2034 motus
629 1991 843 2046 exiguas
871 1992 1132 2045 quasdam
1160 1991 1455 2034 anomalias
1482 1990 1759 2045 praeberet,
1789 2001 1909 2043 quae
1936 2001 2001 2031 ex
2029 1987 2377 2031 collocatione

179 2065 289 2119 ejus
310 2064 379 2105 ad
400 2063 577 2106 Solem
604 2064 910 2117 penderent,
932 2063 1235 2106 mirandum
1257 2074 1363 2106 non
1384 2065 1512 2113 erat,
1536 2061 1679 2115 quod
1700 2060 1860 2104 etiarn
1881 2062 2106 2114 planetae
2128 2059 2233 2102 Soli
2255 2071 2378 2112 quo-

181 2135 472 2178 dammodo
494 2137 755 2188 parerent.

239 2205 636 2248 Demonstravit
661 2205 814 2259 igitur
840 2205 1176 2259 Copernicus,
1205 2206 1319 2247 illas
1346 2206 1679 2259 planetarum
1707 2202 2002 2245 anomalias
2028 2201 2100 2243 ita
2127 2200 2377 2254 explicari

179 2288 351 2331 posse,
373 2277 416 2318 si
442 2276 557 2330 ipsa
576 2276 736 2319 Terra
762 2288 868 2319 uno
897 2289 1036 2320 anno
1064 2277 1293 2320 eundem
1319 2279 1542 2326 motum,
1565 2274 1651 2328 qui
1679 2273 1900 2328 planetis
1927 2273 2204 2315 attributus
2226 2275 2377 2323 esset,

180 2347 379 2391 habere
406 2350 693 2402 putaretur.
718 2347 900 2401 Neque
926 2348 1030 2390 hoc
1058 2349 1247 2391 solum.
1271 2347 1468 2401 Ingenti
1496 2357 1671 2400 opere,
1695 2345 1837 2398 quod
1864 2344 2162 2386 inscribitur
2186 2342 2270 2385 De
2297 2353 2380 2384 re-

185 2417 567 2470 volutionibus,
591 2430 731 2461 anno
758 2418 884 2470 1543,
906 2419 1091 2462 mortis
1118 2419 1279 2473 ipsius
1304 2422 1561 2472 tempore,
1583 2417 1634 2458 in
1655 2417 1828 2459 lucem
1849 2415 2060 2465 emisso,
2082 2426 2238 2457 novae
2260 2414 2379 2456 doc-

183 2490 337 2532 trinae
370 2489 772 2532 consecutiones
805 2489 987 2532 ordine
1020 2489 1361 2543 pertractavit
1393 2492 1443 2531 et
1473 2488 1882 2542 uniuscujusque
1914 2487 2139 2540 planetae
2172 2487 2376 2527 motum

185 2560 566 2603 mathematica
586 2560 790 2603 ratione
810 2564 1117 2614 persecutus
1138 2564 1232 2612 est,
1249 2560 1437 2614 quibus
1457 2560 1664 2601 innixus
1685 2569 1886 2612 paucos
1907 2560 2025 2611 post
2047 2568 2212 2599 annos
2226 2555 2378 2611 (1551)

186 2634 480 2675 assectator
508 2631 619 2685 eJ'us
648 2631 956 2674 ERASMUS
988 2631 1428 2674 REINHOLDUS
1458 2642 1626 2673 novas
1655 2631 1987 2684 planetarum
2015 2627 2239 2677 tabulas,
2264 2627 2378 2667 Pru-

184 2703 386 2745 tenicas
412 2702 595 2753 dictas,
619 2702 861 2745 confecit.
885 2702 986 2745 Hae
1011 2703 1208 2745 tabulae
1235 2702 1422 2744 melius
1449 2714 1611 2755 quam
1630 2699 1971 2754 Alphonsinae
1999 2710 2121 2741 cum
2148 2697 2378 2740 motibus

187 2773 479 2817 observatis
507 2774 881 2827 congruebant,
904 2785 1011 2817 non
1038 2774 1179 2828 quod
1198 2773 1415 2815 Terram
1442 2772 1645 2815 moveri
1667 2772 1782 2826 jure
1804 2770 2122 2824 Copernicus
2149 2769 2376 2817 doceret,

185 2844 371 2899 injuria
391 2845 704 2886 Ptolemaeus
724 2848 953 2899 negaret,
969 2846 1063 2887 sed
1082 2856 1146 2887 ea
1166 2845 1281 2887 sola
1302 2844 1366 2887 de
1388 2855 1567 2894 causa,
1584 2843 1706 2896 quia
1721 2853 1909 2896 paucae
1923 2841 2025 2883 illae
2040 2851 2207 2893 nuper
2219 2839 2378 2881 factae

187 2915 585 2959 observationes
612 2915 919 2958 facultatem
947 2916 1202 2958 dederant
1229 2915 1490 2968 quosdam
1511 2925 1761 2956 numeros
1782 2913 1834 2954 in
1853 2911 2058 2954 theoria
2079 2913 2254 2953 motus
2275 2910 2379 2963 pla-

185 2990 430 3029 netarum
457 2986 765 3039 corrigendi.
791 2986 900 3029 Nec
928 2985 1279 3029 demonstrari
1306 2988 1512 3040 poterat
1532 2984 1726 3026 veritas
1753 2982 1876 3026 novi
1896 2981 2213 3036 systematis,
2237 2980 2378 3034 quod

186 3069 251 3100 ne
272 3056 605 3111 simplicitate
627 3057 840 3110 quidem
851 3060 1002 3100 vetus
1021 3057 1147 3099 illud
1166 3058 1392 3099 multum
1413 3055 1712 3110 superabat.
1730 3054 1780 3096 Si
1801 3054 1873 3096 ita
1894 3065 1950 3096 se
1969 3064 2053 3095 res
2073 3052 2306 3101 haberet,
2322 3053 2378 3092 ut

185 3128 346 3171 Terra
366 3128 698 3181 planetaeque
713 3127 960 3181 aequabili
975 3128 1240 3171 celeritate
1255 3139 1348 3181 per
1363 3127 1518 3170 orbes
1540 3125 1904 3169 concentricos
1920 3124 2061 3167 circa
2075 3123 2250 3165 Solem
2271 3133 2380 3163 mo-

249 3236 259 3260 ¹
283 3235 343 3270 Cf.
360 3235 582 3275 DREYER,
597 3235 776 3280 History
796 3237 846 3270 of
860 3237 928 3270 the
948 3236 1178 3280 Planetary
1192 3235 1398 3280 Systems
1417 3236 1523 3270 from
1543 3235 1695 3268 Thales
1717 3235 1756 3267 to
1776 3233 1935 3276 Keplet
1946 3228 2242 3273 (Cantabrigiae
2261 3228 2377 3269 1906),

188 3305 225 3338 p.
244 3294 320 3328 168.
340 3293 405 3328 Ad
425 3294 539 3329 hunc
565 3293 719 3329 librum
746 3293 946 3330 reiciendi
973 3297 1081 3334 sunt,
1102 3293 1174 3338 qui
1200 3303 1468 3338 progressum
1490 3294 1762 3337 systematum
1785 3289 1993 3326 Ptolemaei
2015 3292 2137 3334 atque
2158 3285 2377 3332 Copernici

188 3351 422 3388 accuratius
450 3363 702 3398 cognoscere
727 3353 885 3388 volunt.
