2678 4069
199 91 266 140 44
930 78 1042 129 DE
1070 76 1310 128 NOVA
1338 74 1655 126 STELLA

201 236 258 280 vt
277 228 537 293 plerique
563 222 759 281 solent,
786 221 880 271 sed
906 226 964 270 vt
984 233 1089 269 vos
1116 218 1191 269 ad
1218 216 1644 281 diligentiorem
1669 215 1848 267 huius
1869 215 2390 281 Metheorologicae

201 301 336 351 artis
363 295 582 346 cultum
609 294 1009 350 excitaremuS,
1037 288 1195 339 hunc
1219 287 1483 340 laborem
1503 286 1868 351 suscepimus,
1902 286 2100 347 Vobis,
2127 289 2389 351 inquam,

199 371 305 419 viri
326 370 600 430 ingenteS,
629 362 679 413 8(
705 362 876 425 supra
901 359 1240 411 mortalium
1267 359 1664 410 conditionem
1689 360 1828 418 nati,
1855 357 2010 409 hanc
2036 357 2290 409 nostram
2307 357 2389 409 sa-

200 440 492 490 crauimus
525 447 781 498 operam,
817 432 887 483 de
921 430 1132 495 quibus
1165 445 1287 481 non
1315 432 1513 480 minus
1544 428 1852 493 eleganter,
1888 444 2069 492 quam
2097 444 2233 480 vere
2262 428 2391 480 haec

199 510 400 560 cecinit
419 506 611 557 Poeta.
2441 511 2462 545 5

477 609 745 662 Foelices
767 607 1011 669 animae,
1035 607 1259 673 quibus
1278 608 1418 658 haec
1439 604 1815 674 cognoscere
1829 605 2120 672 primum,
2442 617 2468 659 †

549 682 742 746 Inque
764 680 980 731 domos
992 676 1260 744 superas
1272 675 1578 743 scandere
1599 691 1751 729 cura
1771 675 1902 728 fuit.

482 750 784 805 Credibile
805 752 905 802 est
920 749 1065 801 illos
1079 748 1323 815 pariter
1343 746 1625 816 Vitijsque
1645 745 1935 814 locisque,

546 821 758 874 Altius
776 819 1074 873 humanis
1094 817 1387 884 exeruisse
1408 822 1607 886 caput.

478 895 615 946 Non
637 893 849 945 Venus
870 894 980 944 aut
1000 891 1213 943 Vinum
1227 889 1517 956 sublimia
1532 887 1785 957 pectora
1806 889 2011 957 fregit,
2447 901 2488 935 10

550 963 921 1017 Officiumue
941 962 1076 1024 fori,
1099 961 1422 1014 militiaeue
1441 961 1630 1014 labor.

477 1037 608 1088 Nec
627 1034 790 1087 leuis
811 1033 1065 1086 ambitio
1078 1031 1457 1100 perfusaque
1472 1032 1680 1100 gloria
1700 1031 1860 1093 fuce,

547 1107 1011 1174 Magnarumue
1031 1104 1252 1166 fameS,
1267 1102 1630 1169 sollicitauit
1648 1118 1848 1170 opum.

476 1178 833 1230 Admonere
855 1175 1053 1229 oculis
1076 1175 1371 1228 distantia
1385 1172 1584 1240 sidera
1603 1173 1858 1235 nostri-S,

547 1249 942 1314 AEtheraque
962 1247 1218 1315 ingenio
1230 1244 1609 1313 supposuere
1622 1243 1750 1311 sue.
2448 1257 2488 1290 15

265 1356 518 1408 Confido
546 1362 760 1415 autem,
791 1354 950 1406 hunc
976 1354 1234 1405 nostrum
1260 1354 1539 1413 laborem,
1570 1353 1736 1404 vobis
1766 1368 1889 1403 non
1914 1352 2179 1403 futurum
2204 1355 2392 1416 ingra-

195 1436 335 1488 tum,
359 1427 410 1478 8(
430 1427 752 1491 plurimum
773 1426 1095 1478 adiumenti
1116 1428 1178 1476 in
1199 1424 1547 1476 restituenda
1561 1423 2037 1488 Metheorologia
2057 1423 2392 1475 allaturum.

196 1499 368 1551 Dabo
396 1505 594 1550 autem
621 1513 879 1562 operam,
907 1504 965 1548 vt
994 1497 1166 1561 plura
1192 1496 1365 1547 nostri
1391 1496 1608 1547 laboris
1637 1502 2041 1555 monumenta,
2073 1494 2394 1558 aliquando

194 1570 472 1630 habeatiS‚
505 1569 556 1620 8(
585 1572 879 1634 praecipue
911 1568 1243 1628 elaborabo,
1279 1571 1339 1618 in
1372 1567 1732 1618 restituendis
1765 1566 2020 1618 motibus
2054 1565 2393 1626 coelestibUS‚

196 1641 246 1692 8(
260 1641 609 1693 fabricandis
623 1640 881 1699 TabuliS‚
905 1655 1158 1703 quarum
1174 1635 1193 1706 ΙΙ
1207 1638 1510 1699 benefici0,
1532 1645 1727 1689 motus
1748 1637 2014 1698 siderum,
2037 1639 2394 1702 apparentijs
2417 1647 2519 1689 (¹14r

197 1712 469 1776 exquisite
497 1711 922 1776 respondenteS,
954 1711 1218 1775 indagari
1248 1709 1476 1774 posfint:
1510 1709 1668 1773 quod
1698 1709 1880 1761 nullae
1910 1707 2194 1761 hactenus
2225 1709 2394 1761 editae

197 1784 293 1847 (ne
314 1783 431 1834 illae
453 1784 690 1847 quidem
711 1798 857 1846 quas
872 1785 980 1833 viri
995 1781 1237 1833 illustres
1255 1781 1618 1846 Copernicus
1635 1780 1686 1832 8(
1701 1780 2064 1832 Reinholdus
2084 1779 2396 1845 posteritati

195 1858 257 1906 in
284 1861 566 1905 aeternam
591 1854 676 1905 sui
701 1856 1051 1905 memoriam
1071 1852 1389 1915 sacrarunt)
1419 1853 1494 1904 ad
1514 1852 1784 1904 amussim
1804 1852 2089 1917 praestant.
2125 1852 2191 1903 In
2212 1851 2396 1903 altera

198 1929 373 1977 etiam
393 1932 554 1990 parte
575 1925 980 1985 Astronomiae‚
1009 1940 1143 1988 quae
1166 1923 1402 1976 effectus
1423 1923 1674 1975 siderum
1695 1923 2031 1984 considerat,
2054 1922 2392 1975 elaborabo:

195 2004 254 2048 vt
276 2003 563 2060 quantum
582 1999 645 2047 in
665 2012 759 2047 me
780 1996 868 2056 est,
891 2012 927 2047 a
946 1996 1174 2047 mendis
1191 1995 1242 2046 8(
1256 1994 1747 2060 superstitionibus
1762 1994 2073 2055 vindicata,
2094 1994 2197 2046 suo
2212 1997 2396 2059 vigori
2447 2005 2491 2040 25

198 2075 372 2132 atque
395 2070 766 2132 experientiae
788 2067 1128 2119 restituatur,
1152 2067 1334 2131 Spero
1350 2073 1564 2128 autem,
1586 2081 1698 2128 me,
1721 2067 1889 2118 Nutu
1904 2066 2035 2127 Dei,
2056 2065 2166 2117 hos
2183 2065 2234 2117 8(
2248 2066 2396 2117 alios

197 2139 427 2191 labores
438 2138 892 2190 Mathematicos
907 2138 1228 2202 aliquando
1244 2138 1663 2198 absoluturum,
1678 2137 1729 2189 8(
1740 2145 1918 2203 gratae
1931 2137 2246 2189 Posteritati
2262 2153 2395 2189 con-

197 2210 575 2262 sectaturum:

517 2315 591 2368 Si
606 2315 763 2367 mihi
783 2314 1134 2381 tranquillae
1155 2316 1501 2367 concedant
1520 2318 1800 2381 tempora
1824 2314 1986 2377 Vitae,

589 2386 829 2448 Sidera,
852 2386 1077 2438 cultori
1093 2401 1217 2438 non
1238 2386 1493 2438 inimica
1505 2384 1634 2451 suo.
2446 2396 2492 2431 30

519 2457 593 2509 Si
608 2472 733 2510 non
756 2458 830 2510 de
843 2455 988 2522 sera
1009 2457 1165 2510 bene
1180 2457 1551 2523 posteritate
1570 2457 1804 2510 mereri

592 2527 916 2581 Obstiterit
933 2528 1156 2594 coeptis
1175 2526 1460 2593 (Vtsolet)
1481 2528 1647 2580 Aula
1666 2528 1843 2581 meis.

519 2599 593 2651 Si
609 2614 733 2652 non
755 2599 1078 2652 barbaries
1099 2597 1290 2652 arctoi
1307 2598 1538 2666 frigida
1560 2598 1705 2666 coelj

590 2670 952 2723 Reddiderit
969 2668 1215 2736 clausas
1228 2668 1426 2735 sidera
1448 2671 1529 2721 ad
1546 2671 1674 2722 alta
1697 2670 1851 2722 vias,

200 2778 419 2829 Valete.
446 2778 532 2829 Ex
553 2777 782 2828 Musaeo
803 2777 992 2829 nostro
1015 2777 1470 2829 Herrizuadensl
1490 2778 1670 2828 Anno
1692 2777 1818 2829 1572
1839 2776 2044 2828 Mense
2066 2777 2394 2829 Decembri.
2446 2787 2492 2821 35

450 2918 731 2971 Exemplar
751 2916 928 2972 Diarij,
952 2917 1094 2971 quod
1114 2917 1217 2960 hoc
1238 2918 1359 2960 loco
1382 2916 1759 2972 subijciendum
1781 2920 1909 2968 erat,
1932 2920 2148 2971 propter

562 2976 835 3030 multiplex
855 2977 895 3018 8(
916 2976 1196 3030 operosum
1218 2976 1547 3019 schematum
1568 2976 2037 3030 exprimendorum

969 3035 1266 3087 artificium,
1289 3035 1625 3078 desideratur.

2289 3201 2396 3252 DE
