2678 4069
728 294 1396 348 PROLEGOMENA
1425 298 1824 351 EDITORIS
2179 300 2373 351 XXIII

186 444 326 476 anno
353 432 465 476 1569
483 433 733 487 Augustae
753 433 1148 476 Vindelicorum
1175 439 1554 480 construxerat.
1583 439 1750 481 Arcus
1779 438 1970 481 affixus
1997 442 2109 481 erat
2135 441 2375 482 extremi-

184 504 279 546 tati
300 503 512 546 alterius
532 503 749 554 brachii,
773 504 994 547 cochlea
1008 516 1135 547 vero
1157 506 1376 549 brachia
1390 507 1461 550 ita
1477 509 1727 551 collocari
1741 513 1998 563 poterant,
2020 513 2076 551 ut
2091 511 2375 563 quemlibet

187 576 436 629 angulum
456 574 742 624 efficerent,
766 586 890 617 cum
911 575 979 617 ad
1000 576 1288 627 cardinem,
1311 578 1453 620 circa
1474 591 1632 631 quem
1654 580 1931 622 brachium
1947 581 2140 623 mobile
2155 581 2375 623 circum-

187 646 455 700 agebatur,
485 645 700 688 oculum
722 645 1034 687 observator
1053 649 1291 688 teneret1.
1322 648 1564 690 Ceterum
1584 653 1640 691 ut
1661 650 1932 692 distantias
1959 651 2188 694 minores
2213 664 2374 705 quam

184 715 266 758 30ο
287 715 628 767 dimetiretur‚
657 714 818 757 etiam
843 716 1067 758 »Arcum
1089 716 1417 770 bipartitum«
1441 719 1479 759 T
1481 719 1622 772 ycho
1647 722 1956 771 construxit;
1985 722 2069 763 hic
2097 723 2374 765 constabat

186 799 252 829 ex
277 787 456 841 regula
483 786 511 828 4
537 785 744 829 cubitos
769 786 843 842 (=
875 786 934 830 l.⁶
955 787 1143 843 metra)
1168 788 1338 841 longa,
1368 801 1487 841 quae
1514 789 1565 831 in
1593 791 1755 832 altera
1783 792 2112 834 extremitate
2138 795 2373 847 regulam

184 860 546 900 transversam
571 857 784 899 tenebat
809 856 1039 911 singulos
1066 857 1333 910 cylindros
1360 859 1573 913 exiguos
1602 860 1653 902 in
1682 862 1786 903 suis
1816 863 2231 906 extremitatibus
2260 877 2374 919 por-

183 931 402 979 tantem,
436 927 488 970 in
518 928 684 970 altera
712 939 841 970 vero
871 928 1004 970 duos
1035 939 1206 978 arcus,
1239 928 1320 970 300
1349 933 1630 983 utrumque
1660 934 2115 986 complectentem,
2147 946 2373 987 quorum

185 1002 367 1042 centra
387 998 440 1041 in
459 998 556 1041 illis
576 998 826 1053 cylindris
847 1002 1010 1041 erant.
1035 999 1153 1041 Hoc
1174 998 1537 1051 instrumento,
1564 1003 1704 1054 quod
1727 1003 2039 1058 Uraniburgi
2058 1004 2109 1046 in
2131 1006 2374 1049 observa-

183 1070 319 1113 torio
341 1071 543 1125 majore
558 1070 812 1112 adversus
829 1070 1209 1124 septentriones
1229 1069 1328 1112 sito
1348 1071 1527 1112 locum
1548 1071 1793 1123 habebat,
1817 1074 2088 1116 distantias
2109 1078 2372 1131 majorum

185 1140 484 1195 Cassiopeae
511 1142 783 1183 stellarum
810 1141 1078 1183 dimensus
1099 1144 1192 1192 est,
1221 1152 1325 1194 quo
1348 1141 1590 1184 adhibitis
1612 1142 1864 1185 distantiis
1886 1145 2034 1187 annis
2060 1146 2168 1188 1572
2190 1151 2240 1189 et
2264 1148 2373 1190 1573

183 1211 406 1254 inventis
432 1213 580 1254 locus
606 1223 763 1254 novae
789 1213 955 1254 stellae
982 1211 1168 1254 melius
1194 1211 1526 1254 inveniretur.
1557 1212 1755 1255 Tertius
1785 1214 2005 1267 denique
2035 1220 2261 1268 sextans,
2292 1219 2374 1260 tri-

185 1283 401 1337 gonicus
422 1283 730 1337 appellatus,
760 1283 848 1337 qui
868 1283 920 1325 in
939 1295 1045 1325 una
1066 1285 1376 1336 cryptarum
1397 1282 1721 1338 Stellaeburgi
1741 1286 2028 1328 collocatus
2055 1291 2181 1340 erat,
2210 1290 2373 1332 solide

184 1354 358 1397 factus
384 1357 498 1397 erat
517 1366 546 1397 e
566 1354 703 1408 ligno
730 1358 781 1396 et
808 1365 995 1396 arcum
1019 1353 1233 1396 tenebat
1254 1365 1319 1395 ex
1340 1353 1609 1397 orichalco
1629 1355 1846 1406 factum,
1875 1357 2020 1410 cujus
2046 1358 2221 1401 radius
2241 1360 2268 1400 4
2289 1372 2374 1402 cu-

187 1425 322 1468 bitos
342 1425 416 1481 (==
441 1425 500 1470 l.⁶
521 1425 710 1481 metra)
729 1425 914 1479 longus
932 1427 1066 1476 erat;
1087 1424 1238 1478 tignis
1260 1427 1438 1466 autem
1452 1426 1763 1467 transversis
1777 1426 2016 1469 firmatus
2031 1432 2143 1470 erat
2158 1432 2208 1471 et
2222 1431 2374 1483 globo

186 1498 353 1539 aeneo
369 1495 648 1547 nitebatur,
664 1496 736 1538 ita
749 1499 807 1538 ut
822 1508 853 1538 a
868 1495 1075 1538 duobus
1091 1495 1520 1538 observatoribus
1537 1496 1604 1537 ad
1618 1497 1835 1549 planum
1850 1498 2075 1539 duarum
2090 1501 2373 1551 stellarum,

186 1579 414 1621 quarum
440 1566 686 1610 distantia
714 1566 1035 1610 dimetienda
1061 1570 1190 1618 erat,
1223 1566 1625 1609 accommodari
1650 1571 1840 1620 posset.
1875 1568 1990 1611 Hoc
2016 1570 2281 1624 praecipue
2308 1571 2377 1612 in-

185 1641 480 1681 strumento
502 1639 571 1681 ad
591 1637 864 1681 distantias
885 1637 1233 1680 dimetiendas
1252 1637 1434 1691 Tycho
1455 1638 1713 1679 utebatur.

244 1709 355 1752 Nec
376 1721 598 1764 magnus
618 1709 813 1752 horum
832 1709 1303 1751 instrumentorum
1325 1708 1553 1750 ambitus
1574 1719 1670 1751 nec
1688 1708 1844 1750 firma
1859 1720 2043 1751 eorum
2059 1712 2376 1754 constructio

185 1781 253 1823 ad
275 1780 672 1823 observationes
691 1783 805 1823 tam
827 1783 1107 1823 accuratas
1125 1783 1175 1822 et
1193 1779 1517 1822 anteriorum
1534 1779 1987 1822 observationibus
2003 1784 2149 1823 tanto
2166 1793 2377 1824 accura-

183 1851 344 1894 tiores
363 1851 714 1906 perficiendas
727 1851 966 1906 Tychoni
985 1851 1112 1893 satis
1133 1850 1329 1901 fuisset,
1352 1850 1449 1893 nisi
1468 1851 1571 1893 hoc
1594 1849 1810 1893 consilio
1831 1851 2115 1904 peculiaria
2131 1854 2378 1905 quaedam

185 1926 566 1976 comparasset.
588 1923 723 1965 Ante
743 1922 897 1977 hujus
918 1925 1134 1965 aetatem
1156 1922 1348 1976 gradus
1363 1924 1539 1975 partes
1555 1921 1757 1975 exiguae
1772 1921 1843 1963 ita
1857 1925 2062 1963 tantum
2078 1923 2377 1976 conspicuae

183 1993 299 2037 fieri
317 1996 577 2047 poterant,
599 1993 643 2036 si
664 1993 894 2036 ambitus
914 1992 1246 2036 instrumenti
1263 2005 1426 2046 quam
1442 1992 1707 2035 maximus
1723 1992 1893 2035 factus
1909 1997 2034 2035 erat.
2059 1994 2225 2047 Supra
2241 2006 2380 2036 men-

183 2064 384 2107 tionem
415 2064 638 2107 fecimus
670 2064 924 2107 sextantis
956 2064 1014 2107 60
1046 2065 1242 2118 pedum
1276 2064 1342 2107 ab
1376 2065 1466 2105 AL
1500 2064 1856 2106 CHOGANDI
1891 2063 2132 2114 confecti,
2173 2068 2222 2106 et
2258 2077 2380 2117 qua-

184 2136 430 2178 drantem
450 2146 675 2189 quoque,
699 2136 846 2190 cujus
867 2135 1045 2178 radius
1066 2139 1203 2178 esset
1222 2135 1274 2177 21
1294 2136 1506 2189 pedum,
1528 2135 1620 2176 AL
1633 2134 1880 2176 SAGANI
1897 2134 2038 2176 circa
2054 2147 2251 2176 annum
2270 2135 2379 2177 1000

184 2206 477 2250 confecisse
507 2206 710 2250 dicitur.
743 2206 937 2257 Quanti
964 2217 1094 2249 vero
1123 2206 1472 2248 instrumenta
1501 2217 1790 2260 permagna
1820 2205 2038 2248 fecerint
2065 2206 2280 2257 Arabes,
2315 2218 2379 2248 ex

183 2277 271 2320 illo
298 2277 440 2320 dicto
466 2277 694 2331 perspici
717 2280 906 2331 potest,
935 2279 1092 2331 quod,
1121 2277 1165 2320 si
1190 2277 1448 2320 circulum
1475 2280 1780 2319 construere
1801 2279 1992 2330 posset,
2024 2276 2111 2329 qui
2131 2289 2195 2319 ex
2217 2278 2380 2319 altera

183 2352 334 2403 parte
353 2348 734 2403 Pyramidibus‚
763 2360 828 2391 ex
856 2350 1022 2391 altera
1043 2352 1224 2391 monte
1246 2348 1540 2391 Mocattam
1564 2347 1829 2398 niteretur,
1858 2348 1959 2390 hoc
1981 2358 2095 2390 sese
2115 2347 2379 2389 facturum

184 2431 299 2462 esse
320 2419 431 2461 IBN
453 2419 662 2461 CARFA
681 2419 950 2473 professus
971 2423 1063 2462 est.
1092 2421 1362 2462 Postremo
1383 2430 1511 2461 vero
1532 2419 1650 2461 haec
1672 2430 1835 2461 causa
1856 2418 1964 2469 fuit,
1991 2430 2084 2461 cur
2104 2418 2378 2460 immensae

186 2491 354 2533 moles
380 2490 619 2545 lapideae,
647 2494 801 2533 vasta
827 2491 1078 2544 quaedam
1103 2490 1314 2542 solaria,
1343 2492 1786 2540 construerentur,
1814 2493 1870 2531 ut
1896 2489 1990 2531 fuit
2009 2489 2090 2531 ille
2112 2490 2375 2542 quadrans

189 2560 271 2603 180
290 2561 503 2615 pedum,
527 2573 686 2615 quem
707 2561 1056 2604 Samarcandi
1076 2561 1304 2604 confecit
1326 2560 1572 2604 ULUGH
1595 2560 1734 2611 BEG,
1758 2571 2020 2613 quemque
2040 2563 2224 2613 postea
2244 2559 2376 2613 prin—

183 2631 326 2686 cipes
343 2632 724 2675 Muhamedani
739 2632 903 2675 Indiae
923 2631 1343 2686 septentrionalis
1363 2631 1551 2674 imitati
1570 2634 1704 2682 sunt,
1727 2631 1816 2673 ubi
1834 2631 1960 2673 talia
1976 2630 2201 2684 quinque
2217 2634 2377 2672 astro-

183 2702 379 2745 nomiae
401 2703 728 2747 mediaevalis
749 2707 1096 2746 monumenta
1116 2702 1274 2745 hodie
1295 2714 1505 2756 quoque
1526 2706 1746 2745 exstant.

240 2774 423 2817 Paucis
457 2774 606 2818 annis
640 2778 760 2818 ante
789 2774 1098 2829 Tychonem
1132 2777 1317 2816 natum
1346 2774 1586 2816 PETRUS
1618 2773 1873 2815 NONIUS
1906 2772 2183 2814 Lusitanus
2211 2772 2263 2813 in
2291 2771 2373 2813 De

183 2845 529 2898 crepusculis
547 2844 684 2888 libro
708 2855 812 2888 uno
838 2846 977 2888 hanc
1001 2845 1264 2888 rationem
1285 2856 1440 2887 arcus
1461 2844 1642 2887 circuli
1663 2843 1960 2886 accuratius
1982 2842 2243 2885 dividendi
2262 2855 2376 2884 sua-

182 2915 262 2967 sit,
290 2919 348 2958 ut
372 2916 509 2958 intra
536 2917 889 2970 quadrantem
915 2916 967 2958 in
990 2916 1218 2970 integros
1236 2918 1445 2957 tantum
1466 2915 1657 2969 gradus
1678 2914 1903 2956 divisum
1925 2913 2055 2955 alius
2077 2925 2230 2956 arcus
2252 2925 2373 2955 cum

182 2997 247 3029 eo
274 2987 643 3030 concentricus
668 2987 985 3030 insereretur
1009 2987 1062 3029 in
1087 2986 1144 3029 89
1170 2989 1347 3040 partes
1368 2998 1550 3039 aequas
1571 2986 1782 3036 divisus,
1811 2997 2035 3038 quarum
2058 2995 2279 3037 quaeque
2305 2984 2369 3028 Ιέῡ

182 3058 376 3112 gradus
396 3059 852 3112 complecteretur,
875 3058 1011 3100 intra
1031 3058 1170 3100 hanc
1185 3068 1314 3099 vero
1333 3057 1515 3099 tertius
1537 3057 1803 3110 quadrans
1823 3056 1875 3097 in
1895 3055 1951 3097 88
1971 3058 2145 3108 partes
2161 3054 2370 3103 divisus,

183 3131 340 3182 atque
360 3128 432 3171 ita
452 3140 628 3183 porro,
657 3130 826 3172 donec
853 3129 1067 3171 intimus
1087 3129 1140 3170 in
1158 3128 1215 3170 45
1235 3131 1428 3183 partes,
1457 3129 1684 3170 duorum
1711 3138 1977 3180 quamque
2004 3126 2275 3179 graduum,
2305 3123 2373 3165 di-

181 3198 325 3241 visus
357 3203 509 3242 esset.
545 3200 677 3242 Cum
709 3201 1003 3243 secundum
1035 3199 1245 3241 radium
1278 3198 1531 3241 mobilem
1562 3201 1859 3252 spectatum
1891 3200 2042 3246 esset,
2077 3195 2199 3237 nihil
2233 3194 2371 3236 aliud

183 3269 452 3324 agebatur,
475 3282 638 3324 quam
657 3274 714 3313 ut
733 3271 786 3313 in
804 3281 911 3313 uno
934 3270 1110 3324 aliquo
1129 3270 1187 3312 46
1208 3280 1431 3312 arcuum
1450 3269 1587 3311 linea
1608 3267 1872 3311 divisionis
1892 3267 2223 3316 inveniretur,
2252 3276 2369 3317 quae

242 3354 253 3377 ¹
276 3354 470 3389 Mechan.
492 3354 560 3389 fol.
583 3355 620 3389 D
641 3356 703 3390 2³⁷.
728 3354 861 3389 Etiam
883 3354 986 3390 inter
1007 3353 1319 3390 observationes
1341 3353 1441 3387 anni
1466 3353 1555 3388 1578
1575 3352 1703 3396 hujus
1724 3350 1984 3386 instrumenti
2006 3350 2143 3393 imago
2164 3347 2368 3392 reperitur.
