2678 4069
256 166 365 217 XX
790 144 1452 204 PROLEGOMENA
1480 137 1881 192 EDITORIS

254 302 396 355 cujus
416 297 617 344 umbra,
642 303 758 346 quae
779 290 830 332 in
849 289 994 330 illum
1014 284 1255 332 cadebat,
1277 281 1410 325 Solis
1432 278 1758 322 altitudinem
1777 276 2078 319 indicabat.¹
2105 274 2230 318 Tale
2248 275 2426 318 instru-

253 372 484 412 mentum
506 365 662 407 etiam
685 358 950 412 Meraghae
970 356 1022 397 in
1042 366 1139 396 usu
1160 355 1288 403 erat,
1311 352 1458 406 cujus
1478 349 1712 399 virtutes,
1739 346 1996 401 imprimis
2017 346 2160 400 quod
2179 345 2433 389 stabiliter

253 437 587 482 constitutum
609 434 734 481 erat,
758 430 890 471 adeo
913 425 1213 478 conspicuae
1229 424 1393 472 erant,
1415 423 1472 463 ut
1487 431 1626 462 anno
1646 418 1757 461 1582
1771 429 2024 472 magnum
2042 416 2432 467 »Quadrantem

252 509 507 552 muralem
528 504 635 546 sive
656 498 1040 553 Tychonicum«
1064 495 1116 536 in
1136 504 1290 535 muro
1312 490 1597 541 conclavis,
1621 490 1762 543 quod
1781 489 1916 531 inter
1935 487 2210 530 meridiem
2230 490 2282 530 et
2301 486 2435 530 Solis

252 588 499 621 occasum
515 574 670 627 plano
683 571 814 624 pede
825 568 982 610 situm
995 568 1107 608 erat
1119 575 1181 606 ac
1198 565 1382 617 postea
1396 561 1587 615 ingenti
1601 560 1806 614 pictura
1820 558 2103 613 parietaria
2118 560 2431 601 exornatum

251 652 340 697 est,
362 645 540 698 Tycho
562 642 860 685 collocaret.
885 637 1050 691 Hujus
1070 632 1399 677 instrumenti
1420 643 1575 674 arcus
1596 631 1855 686 graduum
1876 641 1941 672 ex
1959 629 2229 672 orichalco
2245 628 2433 678 factus,

250 718 393 771 cujus
414 715 588 756 radius
608 713 634 753 5
656 710 953 753 cubitorum
972 707 1046 762 (z
1067 706 1094 747 2
1115 703 1426 758 metrorum)
1447 705 1575 752 erat,
1604 701 1810 744 duabus
1831 699 2063 754 dioptris,
2089 711 2209 753 quae
2230 697 2435 741 moveri

249 788 501 841 poterant,
529 784 808 824 instructus
829 781 956 828 erat,
986 788 1105 830 quae
1127 776 1380 817 adversus
1401 773 1700 826 cylindrum
1721 771 1967 825 exiguum
1987 782 2052 813 ex
2073 769 2343 813 orichalco
2363 768 2434 811 in-

250 859 432 899 aurato
461 854 675 902 iactum,
704 850 791 904 qui
815 849 867 891 in
894 851 1074 891 centro
1100 857 1255 888 arcus
1275 844 1328 886 in
1348 843 1486 886 muri
1505 842 1765 886 foramine
1786 842 2078 885 collocatus
2099 844 2228 892 erat,
2256 839 2435 894 dirige-

249 928 414 969 batur.
451 924 547 965 Hic
579 922 843 976 quadrans
872 918 1007 961 utilis
1037 917 1146 959 fere
1175 918 1288 959 erat
1318 916 1386 957 ad
1416 914 1549 957 Solis
1582 912 1878 955 altitudines
1911 912 2230 955 meridianas
2260 910 2435 954 obser-

248 996 462 1045 vandas,
484 994 576 1036 sed
590 995 707 1046 post
723 991 919 1043 aliquot
935 999 1100 1030 annos
1116 990 1292 1030 cetera
1307 985 1539 1028 caelestia
1554 995 1676 1027 raro
1691 984 1778 1026 illo
1795 983 2230 1026 observabantur.
2251 981 2434 1036 Tycho

250 1067 594 1120 quadrantem
621 1061 970 1104 meridianum
997 1070 1103 1101 non
1128 1058 1401 1099 invenerat
1426 1056 1509 1098 ille
1537 1055 1766 1109 quidem,
1796 1055 1890 1097 sed
1919 1054 2120 1108 primus
2148 1053 2201 1095 in
2226 1053 2435 1106 Europa

247 1137 336 1178 tali
355 1147 479 1178 usus
499 1137 591 1184 est,
620 1133 707 1186 qui
727 1132 795 1174 ad
817 1130 957 1173 aliud
978 1128 1307 1171 azimuthum
1326 1126 1599 1169 transferri
1619 1137 1726 1169 non
1745 1128 1937 1179 posset.
1967 1125 2211 1167 Ceterum
2233 1122 2436 1165 HAGE-

249 1206 394 1249 CIUS
415 1204 694 1259 Pragensis‚
723 1201 941 1255 aequalis
962 1201 1086 1255 ejus,
1114 1210 1313 1242 novam
1338 1198 1546 1240 stellam
1571 1196 1623 1238 in
1648 1196 1940 1239 meridiano
1963 1196 2343 1239 observaverat
2363 1196 2434 1236 at-

248 1289 346 1331 que
368 1274 750 1319 culminationis
766 1283 975 1326 quoque
987 1274 1196 1324 tempus
1212 1271 1460 1311 accurate
1475 1267 1763 1310 definierat.
1787 1267 1889 1309 Sed
1903 1266 2042 1309 hanc
2058 1265 2432 1315 definitionem,

248 1348 367 1401 quia
387 1345 668 1400 horologiis
688 1345 819 1386 fides
839 1342 1023 1385 haberi
1043 1352 1149 1384 non
1169 1342 1361 1394 posset,
1382 1339 1563 1393 Tycho
1585 1342 1759 1380 ratam
1780 1349 1887 1380 non
1906 1337 2104 1380 habuit.

306 1418 650 1468 Quadrantes,
674 1415 761 1469 qui
781 1415 848 1456 ad
871 1412 1138 1467 quodlibet
1158 1410 1488 1453 azimuthum
1506 1408 1909 1452 accommodari
1922 1410 2182 1463 poterant,
2204 1406 2435 1461 primum

249 1488 514 1542 Meraghae
541 1487 593 1528 in
617 1498 715 1528 usu
741 1484 898 1527 fuisse
924 1483 1180 1533 videntur,
1208 1481 1299 1524 ubi
1325 1480 1551 1524 circulus
1579 1479 1913 1523 azimuthalis
1939 1479 2201 1522 institutus
2228 1481 2356 1529 erat,
2383 1477 2436 1520 in

249 1571 351 1613 quo
379 1559 482 1601 duo
511 1558 829 1611 quadrantes
853 1553 1099 1598 collocati
1119 1555 1282 1603 erant,
1313 1551 1400 1606 qui
1420 1551 1562 1594 circa
1587 1563 1744 1594 axem
1764 1550 2072 1593 verticalem
2092 1560 2436 1593 communem

248 1629 533 1683 circumagi
552 1630 810 1682 poterant,
834 1637 937 1680 quo
957 1625 1134 1675 fiebat,
1156 1627 1212 1666 ut
1232 1624 1337 1666 duo
1358 1623 1512 1665 simul
1534 1623 1905 1666 observatores
1923 1622 2150 1664 duarum
2163 1621 2436 1663 stellarum

249 1699 542 1742 altitudines
569 1702 620 1741 et
646 1697 1037 1740 azimuthorum
1064 1693 1416 1737 differentiam
1443 1693 1660 1736 definire
1686 1696 1914 1747 possent.
1943 1692 2002 1735 In
2022 1693 2230 1746 Europa
2258 1694 2436 1734 autem

249 1771 596 1824 quadrantem
629 1767 1005 1811 azimuthalem
1037 1765 1236 1820 primus
1269 1764 1570 1807 adhibuisse
1602 1764 1808 1806 videtur
1837 1762 2237 1807 GUILELMUS
2269 1762 2438 1805 Land-

249 1840 470 1895 gravius‚
494 1840 581 1894 qui
600 1851 755 1882 novae
775 1839 940 1881 stellae
963 1836 1257 1879 altitudines
1272 1839 1322 1879 et
1337 1835 1608 1878 azimutha
1623 1834 2006 1877 dimetiebatur.
2030 1834 2132 1876 Sed
2145 1836 2293 1877 tanto
2309 1833 2438 1876 diffi-

249 1911 394 1954 cilius
415 1914 527 1953 erat
547 1922 732 1953 arcum
752 1908 932 1952 circuli
953 1920 1113 1962 quam
1128 1910 1331 1950 rectam
1346 1918 1652 1949 mensuram
1668 1908 1917 1948 accurate
1931 1905 2179 1956 dividere,
2200 1908 2258 1947 ut
2270 1916 2437 1958 usque

251 1983 317 2024 ad
330 1981 592 2035 Tychonis
612 1983 826 2023 aetatem
846 1980 1190 2022 instrumento
1211 1977 1315 2028 illo,
1339 1977 1481 2031 quod
1494 1976 1825 2031 Triquetrum
1844 1975 2224 2030 appellabatur,
2247 1976 2315 2018 ad
2330 1975 2438 2018 alti-

249 2052 452 2094 tudines
478 2053 747 2094 stellarum
774 2049 1118 2093 dimetiendas
1144 2049 1410 2103 praecipue
1430 2047 1504 2090 uti
1525 2047 1816 2091 astronomi
1838 2049 2253 2101 perseverarent.
2282 2046 2437 2097 Quod

244 2124 356 2178 jam
375 2122 800 2165 FTOLEMAEUS
823 2120 1134 2163 adhibuerat
1155 2123 1311 2173 atque
1332 2119 1715 2173 descripserat.²
1737 2118 2023 2161 Constabat
2038 2129 2066 2160 e
2081 2117 2273 2161 baculo
2287 2117 2438 2160 verti-

251 2193 366 2244 cali,
395 2194 537 2236 circa
563 2194 708 2247 cujus
734 2203 1002 2235 summam
1029 2190 1414 2233 extremitatem
1446 2190 1577 2232 alter
1606 2190 1826 2232 baculus
1854 2200 2064 2232 sursum
2095 2199 2158 2231 ac
2186 2189 2436 2232 deorsum

252 2264 455 2306 moveri
480 2266 706 2317 poterat;
734 2262 786 2304 in
810 2265 1034 2316 utroque
1061 2264 1238 2304 autem
1260 2274 1292 2303 a
1311 2264 1507 2315 puncto
1528 2260 1773 2303 sectionis
1794 2260 1982 2302 eadem
2003 2271 2253 2302 mensura
2280 2270 2439 2302 anno-

251 2338 361 2376 tata
382 2337 508 2377 erat.
537 2334 589 2376 Si
609 2334 826 2376 baculus
846 2333 1054 2376 mobilis
1075 2333 1327 2375 adversus
1347 2332 1554 2375 stellam
1576 2330 1809 2385 aliquam
1829 2330 2163 2385 dirigebatur,
2184 2330 2255 2372 ita
2276 2333 2333 2373 ut
2353 2342 2440 2372 an-

253 2406 398 2459 gulus
417 2404 550 2446 inter
569 2405 701 2447 duos
722 2404 940 2446 baculos
961 2403 1263 2446 distantiam
1283 2403 1448 2445 stellae
1465 2415 1496 2444 a
1512 2401 1693 2444 Zenith
1712 2401 1983 2452 indicaret,
2004 2401 2186 2444 tertius
2201 2401 2437 2452 baculus,

253 2474 340 2528 qui
372 2474 512 2517 circa
543 2475 707 2517 imam
740 2473 1125 2517 extremitatem
1158 2485 1422 2516 mensurae
1454 2473 1507 2514 in
1538 2473 1730 2515 baculo
1763 2471 2000 2515 verticali
2038 2475 2306 2515 annotatae
2346 2472 2440 2515 cir-

252 2545 459 2599 cumagi
484 2548 705 2599 poterat,
732 2544 973 2598 trianguli
998 2544 1297 2598 aequicrurii
1323 2543 1463 2586 basis
1489 2546 1617 2594 erat,
1646 2543 1793 2598 cujus
1819 2542 2087 2596 longitudo
2112 2542 2348 2585 adhibita
2366 2546 2440 2585 ta-

252 2616 373 2658 bula
401 2616 722 2659 chordarum
749 2616 996 2670 angulum
1025 2614 1303 2668 quaesitum
1334 2614 1510 2657 dabat.
1543 2612 1860 2669 Hujusmodi
1887 2612 2293 2656 instrumentum
2321 2613 2440 2670 (»in-

250 2690 506 2729 strument
538 2699 642 2729 aux
674 2687 811 2729 deux
842 2685 1061 2740 piliers«,
1098 2688 1151 2727 ut
1183 2685 1403 2742 dicitur),
1438 2686 1585 2740 cujus
1618 2683 1896 2727 brachium
1928 2684 2125 2727 mobile
2153 2684 2205 2730 δὲ
2233 2683 2440 2728 cubitos

249 2757 323 2813 (z
350 2757 409 2800 2.1
432 2757 620 2813 metra)
648 2758 861 2812 longum
890 2759 1018 2807 erat,
1049 2756 1102 2798 in
1121 2756 1414 2799 meridiano
1443 2754 1783 2798 immobiliter
1811 2754 2102 2797 institutum
2132 2754 2304 2797 fuerat
2334 2755 2434 2798 Me-

251 2827 445 2881 raghae.
475 2827 655 2881 Tycho
685 2839 829 2878 vero,
862 2827 949 2881 qui
976 2827 1079 2870 hoc
1109 2827 1514 2870 instrumentum
1548 2825 1942 2880 »parallaticum
1969 2825 2080 2868 sive
2108 2826 2434 2880 regularum«

253 2897 565 2951 appellabat,
588 2898 692 2940 duo
712 2897 837 2940 talia
857 2897 1174 2952 possidebat,
1207 2909 1433 2951 quorum
1455 2897 1679 2939 alterum
1699 2895 1916 2951 ingentis
1937 2895 2306 2950 magnitudinis
2327 2899 2441 2939 erat

254 2971 304 3009 et
327 2967 522 3011 circulo
550 2968 855 3010 azimuthali
880 2968 1208 3019 instructum,
1231 2968 1378 3023 quus
1399 2967 1657 3010 diameter
1680 2967 1732 3009 12
1752 2966 2052 3010 cubitorum
2071 2965 2146 3023 (=
2165 2966 2229 3012 4.s
2248 2970 2440 3010 metro-

254 3038 389 3093 rum)
416 3042 541 3081 erat.
572 3039 703 3081 Raro
730 3042 909 3081 tamen
932 3038 991 3081 iis
1011 3039 1256 3081 utebatur
1276 3041 1326 3081 et
1347 3041 1595 3092 quattuor
1616 3038 1935 3092 quadrantes
1963 3036 2310 3080 azimuthales
2331 3050 2363 3080 a
2382 3048 2439 3080 se

315 3132 324 3155 ¹
348 3132 469 3175 Synt.
493 3134 507 3166 I
533 3134 573 3167 12
595 3133 647 3176 (p.
669 3135 713 3168 66
735 3133 945 3177 Heiberg).

312 3191 327 3214 ²
348 3191 469 3235 Synt.
492 3192 524 3224 V
549 3192 589 3225 12
611 3192 663 3235 (p.
684 3192 752 3226 403
774 3191 987 3236 Heiberg).
