2678 4069
724 303 1394 357 PROLEGOMENA
1423 307 1825 360 EDITORIS
2146 310 2368 361 XXVII

179 454 356 485 rorem
370 453 498 485 vero
515 441 883 484 collimationis
898 443 1078 497 (quam
1094 446 1386 497 parallaxin
1400 449 1558 488 vocat
1571 446 1771 503 Tycho)
1786 432 1841 478 -'
1856 447 1911 489 32
1923 450 1984 491 ¹2⁶
2010 449 2044 492 ἣ,-
2063 448 2119 490 28
2131 451 2190 493 ‘2³
2212 449 2368 492 fuisse

177 513 450 555 inventum
479 515 572 563 est,
604 523 708 565 quo
739 524 960 555 numero
992 514 1366 558 declinationes
1397 516 1694 560 observatae
1727 518 2026 561 minuendae
2060 523 2245 561 essent.
2278 521 2371 562 Per

178 583 484 626 Sextantem
512 594 723 636 quoque
748 582 1062 637 trigonicum
1091 589 1301 627 cometa
1329 586 1639 630 observatus
1666 591 1758 639 est,
1786 589 1875 630 ubi
1904 600 2051 632 error
2077 590 2369 632 verisimilis

177 654 329 697 unius
368 653 629 696 distantiae
669 653 969 695 observatae
1007 659 1244 708 repertus
1283 660 1359 698 est
1394 657 1429 700 ὲ
1453 657 1509 698 45
1524 660 1564 708 ”,
1600 670 1746 701 error
1785 663 1962 702 autem
2001 661 2368 704 collimationis

177 751 234 757 —
258 726 412 770 llO“.⁵
438 725 473 769 ὲ
502 724 636 768 17‘¹.4.
677 724 875 777 Itaque,
917 736 1244 778 quamquam
1283 731 1441 780 caput
1480 733 1705 771 cometae
1744 732 1909 773 multo
1949 730 2216 773 confusius
2256 736 2368 774 erat

177 806 339 848 quam
360 795 525 847 stella,
543 795 804 838 distantiae
825 798 1007 837 tamen
1027 796 1136 850 ejus
1152 797 1340 838 eadem
1357 799 1695 841 accuratione
1711 801 2008 844 observatae
2025 805 2188 852 erant,
2206 815 2366 855 quam

176 866 372 908 invenit
392 866 839 908 ARGELANDER
867 877 932 908 ex
959 866 1417 910 observationibus
1445 870 1713 911 stellarum
1736 871 2048 925 Cassiopeae,
2072 884 2190 925 quae
2219 873 2366 915 annis

181 936 293 979 1578
314 940 364 979 et
389 937 500 979 1583
521 949 616 992 per
634 938 833 980 Arcum
856 937 1160 991 bipartitum
1180 938 1428 980 institutae
1450 943 1584 989 sunt,
1606 941 1636 982 i.
1655 952 1697 982 e.
1720 942 1754 984 ὲ
1773 941 1824 982 41
1841 944 1897 984 “.¹

236 1008 646 1051 Observationes
666 1007 932 1062 Tychonis
958 1008 1290 1050 altitudinum
1318 1009 1449 1051 Solis
1476 1011 1886 1054 meridianarum
1913 1018 2269 1066 perscrutatus
2290 1019 2367 1057 est

176 1082 227 1121 et
256 1090 380 1121 cum
409 1079 599 1122 tabulis
629 1079 778 1131 Solis,
810 1091 942 1132 quas
972 1079 1278 1122 confecerat
1307 1080 1677 1131 LEVERRIER,
1706 1084 2036 1136 comparavit
2063 1085 2121 1127 G.
2146 1086 2202 1127 L.
2225 1085 2367 1128 TUP-

178 1149 369 1200 MAN,2,
393 1150 480 1204 qui
501 1149 746 1193 omnibus
768 1150 1227 1193 observationibus
1250 1162 1510 1193 annorum
1533 1164 1563 1192 a
1583 1152 1692 1193 1582
1709 1154 1775 1194 ad
1795 1153 1905 1195 1590
1925 1166 2049 1196 usus
2071 1159 2162 1206 est,
2180 1156 2366 1208 quibus

177 1221 324 1263 annis
346 1221 433 1263 Sol
455 1221 774 1264 creberrime
796 1222 1196 1264 observabatur.
1215 1221 1416 1263 Invenit
1437 1225 1613 1264 autem
1635 1224 1972 1278 perexiguam
1989 1237 2050 1267 ac
2068 1226 2221 1268 certis
2241 1229 2368 1268 tem-

175 1291 391 1346 poribus
418 1296 779 1335 recurrentem
808 1292 1222 1346 inaequalitatem
1245 1293 1601 1344 correctionis,
1625 1306 1743 1346 quae
1773 1295 1839 1336 ad
1867 1295 2269 1338 declinationem
2290 1309 2367 1339 ra-

173 1362 315 1406 tione
329 1363 599 1406 inventam
616 1363 915 1406 adhibenda
931 1366 1064 1412 erat;
1088 1363 1307 1405 solstitio
1324 1363 1463 1405 enim
1478 1364 1662 1407 aestivo
1685 1368 1796 1407 erat
1810 1391 1866 1395 —
1880 1366 1937 1408 20
1948 1368 1988 1417 ⁴¹,
2007 1367 2223 1410 hiberno
2240 1380 2365 1410 vero

173 1433 348 1476 —50“.
367 1434 550 1487 Itaque
567 1446 829 1477 annorum
846 1447 876 1476 a
896 1433 1006 1476 1587
1021 1435 1088 1476 ad
1108 1433 1219 1476 1590
1235 1434 1646 1486 observationes,
1665 1447 1782 1488 quae
1799 1448 2007 1489 quoque
2023 1437 2365 1481 instrumento

172 1505 420 1548 institutae
451 1509 616 1557 erant,
645 1517 888 1549 seorsum
919 1505 1288 1555 consideravit,
1322 1508 1478 1558 atque
1508 1506 1579 1547 ita
1610 1505 1899 1556 Quadranti
1929 1508 2118 1549 murali
2147 1509 2255 1551 sive
2275 1510 2369 1562 Ty-

172 1576 398 1619 chonico
432 1576 549 1619 illos
581 1589 777 1631 parvos
811 1587 1018 1619 errores
1052 1578 1356 1618 constanter
1388 1580 1715 1619 recurrentes
1747 1577 2002 1630 imprimis
2032 1578 2365 1631 imputandos

173 1659 287 1690 esse
306 1647 519 1697 invenit,
537 1658 661 1689 cum
682 1646 824 1689 exitu
845 1647 1041 1690 mensis
1057 1647 1084 1698 J
1087 1647 1195 1689 unii
1215 1646 1511 1688 maximum
1532 1659 1813 1689 numerum
1828 1647 1870 1692 ΔΓ
1886 1648 1964 1699 6¹⁴,
1981 1649 2121 1691 initio
2144 1649 2366 1692 Novem-

173 1719 279 1762 bris
300 1718 580 1761 minimum
593 1743 650 1748 ——
665 1717 758 1761 60⁴⁴
778 1718 1062 1772 praeberet;
1086 1718 1366 1769 Quadrans
1387 1729 1514 1760 vero
1537 1718 1827 1772 chalybeus
1848 1719 2021 1762 medio
2043 1720 2203 1773 Aprili
2224 1720 2366 1762 mini-

172 1803 322 1833 mum
349 1790 513 1832 dabat
532 1814 589 1820 —
609 1788 720 1841 40⁴¹,
750 1789 891 1831 exitu
921 1789 1237 1832 Novembris
1258 1788 1301 1833 4-
1328 1789 1432 1840 10”,
1460 1801 1630 1842 neque
1656 1790 1819 1831 ullam
1847 1802 2078 1832 annuam
2104 1790 2366 1844 inaequali-

170 1865 336 1904 tatem
363 1859 639 1915 praebebat
653 1860 934 1911 Quadrans
955 1860 1213 1903 volubilis.
1239 1860 1371 1903 Haec
1392 1860 1761 1911 inconstantia,
1783 1872 1917 1913 quae,
1941 1872 2062 1903 cum
2084 1862 2148 1903 de
2168 1863 2365 1904 saeculo

170 1932 287 1974 XVI
318 1935 518 1986 agatur,
543 1931 745 1973 minimi
775 1931 1019 1974 facienda
1050 1934 1142 1981 est,
1167 1931 1427 1974 calorisne
1449 1931 1704 1982 varietati,
1728 1943 1847 1984 quae
1868 1931 1919 1973 in
1938 1932 2164 1974 arcubus
2192 1932 2366 1974 divisis

172 2003 546 2057 quadrantium
568 2002 677 2044 vim
698 2002 956 2054 habuerit,
974 2015 1042 2044 an
1063 2002 1175 2045 aliis
1197 2003 1369 2045 causis
1391 2002 1660 2053 debeatur,
1677 2002 1729 2044 in
1749 2002 1948 2044 incerto
1971 2002 2366 2055 relinquendum

171 2077 269 2125 est;
300 2085 469 2127 neque
495 2076 676 2116 tamen
703 2073 931 2116 dubitari
957 2076 1145 2127 potest,
1175 2073 1300 2127 quin
1328 2073 1465 2115 intra
1492 2084 1584 2115 eos
1610 2072 1741 2115 fines
1773 2073 2116 2124 contineatur,
2146 2073 2232 2126 qui
2257 2074 2366 2115 sine

169 2145 581 2199 telescopiorum
602 2156 700 2187 usu
722 2147 991 2187 accuratae
1013 2156 1279 2187 mensurae
1299 2144 1499 2198 imponi
1519 2143 1733 2197 possint,
1757 2147 1807 2185 et
1827 2144 1878 2185 in
1900 2143 2169 2185 HEVELII
2196 2144 2367 2186 obser-

169 2215 469 2259 vationibus
499 2215 633 2258 Solis
660 2227 799 2258 anno
835 2215 962 2267 1679,
990 2218 1110 2270 post
1130 2215 1415 2270 nonaginta
1445 2215 1553 2257 fere
1584 2226 1766 2266 annos,
1794 2214 2036 2257 institutis
2058 2226 2261 2256 errores
2283 2214 2367 2255 ali-

173 2290 369 2340 quanto
391 2287 621 2342 majores
641 2286 783 2329 idem
803 2286 884 2328 vir
904 2287 1092 2330 doctus
1112 2286 1323 2329 invenit.

231 2358 469 2411 Denique
496 2358 861 2401 annotandum
887 2361 980 2409 est,
1002 2357 1145 2411 ipsos
1171 2369 1268 2400 nos
1294 2357 1489 2400 multos
1517 2356 1708 2399 abhinc
1730 2368 1897 2399 annos
1917 2356 2175 2398 rationem
2195 2355 2366 2398 iniisse

175 2429 569 2471 azimuthorum
591 2428 831 2471 omnium
852 2440 1037 2471 earum
1057 2429 1345 2480 stellarum,
1363 2440 1589 2482 quarum
1606 2427 1902 2469 altitudines
1917 2427 1968 2468 in
1982 2426 2152 2480 primo
2169 2426 2364 2468 circulo

174 2499 410 2542 verticali
429 2500 513 2542 vel
539 2511 704 2554 prope
724 2499 872 2542 illum
893 2511 1073 2541 mense
1097 2499 1288 2542 Martio
1312 2499 1434 2541 anni
1459 2498 1570 2541 1582
1591 2498 1889 2541 observatae
1910 2500 2049 2548 sunt;
2074 2496 2258 2550 quibus
2280 2497 2367 2539 ob-

172 2570 558 2613 servationibus
585 2569 809 2613 accessit
837 2570 1139 2613 observatio
1167 2583 1199 2612 α
1224 2570 1394 2621 Tauri,
1418 2581 1541 2612 cum
1563 2570 1645 2612 die
1671 2569 1727 2611 25
1754 2568 2018 2611 Februarii
2040 2567 2365 2609 azimuthum

173 2641 394 2684 haberet
413 2640 528 2683 69⁰.³
556 2641 757 2684 Decem
786 2641 1058 2684 stellarum
1089 2641 1487 2684 observationes
1515 2640 1722 2695 triginta
1751 2643 1952 2694 septem
1983 2638 2365 2682 correctionem

174 2712 567 2755 azimuthorum
595 2711 1001 2755 observatorum
1027 2713 1078 2768 (a
1104 2712 1156 2754 00
1177 2713 1245 2755 ad
1271 2712 1381 2754 360⁰
1408 2723 1436 2754 e
1465 2711 1680 2754 meridie
1707 2722 1801 2765 per
1834 2710 2162 2753 occidentem
2189 2720 2366 2762 proce-

174 2783 332 2839 denti)
353 2783 610 2826 dederunt
630 2808 686 2812 —
712 2782 799 2825 16¹⁴
825 2784 861 2827 ὲ
890 2783 994 2835 17“,
1016 2783 1059 2826 si
1079 2783 1410 2826 refractionis
1431 2783 1564 2825 ratio
1586 2782 1824 2824 habetur.
1849 2782 2062 2822 Errores
2084 2779 2293 2832 quidem
2315 2778 2365 2820 in

173 2853 531 2896 altitudinibus
559 2853 904 2896 observandis
931 2853 1102 2897 factos
1128 2854 1266 2896 hanc
1296 2853 1557 2895 rationem
1579 2851 1860 2906 complecti
1882 2852 2120 2904 apparet;
2150 2849 2274 2892 satis
2294 2852 2365 2891 ta-

173 2936 296 2967 men
334 2924 455 2967 hinc
494 2924 833 2978 perspicuum
866 2927 964 2976 est,
999 2924 1275 2967 meridiani
1308 2923 1652 2967 directionem
1684 2922 1921 2975 Tychoni
1954 2920 2149 2974 optime
2182 2923 2363 2962 notam

173 2994 347 3037 fuisse.
369 2995 446 3037 Ac
473 2998 593 3037 sunt
620 2995 849 3049 quidem,
874 2995 960 3049 qui
987 2995 1184 3038 aedium
1205 3006 1483 3037 sacrarum
1503 2993 1726 3036 turrium
1749 2992 2140 3035 azimuthorum
2162 3002 2364 3032 mensu-

172 3076 259 3108 ras
275 3066 536 3119 quasdam
550 3066 723 3116 rudes,
741 3078 876 3119 quae,
895 3066 1022 3108 dum
1033 3066 1425 3120 Uraniburgum
1440 3063 1889 3113 exaedificabatur,
1907 3062 2024 3104 inde
2038 3072 2131 3115 per
2147 3060 2362 3102 Radium

172 3135 420 3178 institutae
442 3139 493 3178 et
511 3136 646 3179 inter
665 3136 826 3179 libros
839 3136 1104 3189 Tychonis
1125 3148 1288 3178 manu
1308 3136 1531 3190 scriptos
1553 3146 1692 3177 anno
1712 3133 1817 3176 1671
1837 3145 1868 3175 a
1882 3131 2115 3174 Picardio
2137 3131 2361 3173 inventae

233 3243 244 3267 ¹
266 3243 620 3279 Astronomische
640 3244 925 3279 Nachtichten
947 3243 1055 3278 LXII
1077 3254 1114 3288 p.
1130 3244 1199 3278 273
1221 3243 1346 3284 (1864)

231 3301 246 3326 ²
270 3302 355 3337 The
377 3301 667 3347 Observatozy
687 3303 821 3337 XXIII
843 3313 909 3347 pp.
929 3303 993 3337 132
1014 3305 1051 3337 et
1075 3303 1150 3336 165.

231 3360 246 3384 3
270 3361 414 3404 Tycho
434 3361 575 3396 Brahe
597 3360 847 3406 (Edinburgi
872 3361 976 3403 1890)
997 3372 1035 3405 p.
1050 3361 1130 3396 388.

315 3431 406 3472 (D·)
