2678 4069
567 221 1148 276 HOROSCOPUS
1175 223 2061 286 PRINCIPISJOHANNIS
2307 228 2409 280 275

105 371 191 414 34v
289 362 455 413 Mars
482 365 538 422 69
565 362 862 414 Dominus
890 379 961 414 ex
987 365 1279 429 violentijs
1301 364 1352 415 8(
1372 365 1566 416 litibus
1588 368 1862 430 quaedam
1884 368 2054 420 causa
2075 369 2410 421 divitiarum

217 433 522 497 portendit,
546 449 679 496 quae
700 440 899 484 tamen
921 438 1031 485 cito
1054 435 1480 500 dissipabuntur.

292 504 328 568 b
359 520 494 555 cum
524 509 560 562 ⁹4
590 507 650 554 in
682 505 891 555 eodem
920 506 1216 569 pofitionis
1245 507 1459 557 circulo
1490 508 1706 559 reditus
1735 509 1786 559 &
1812 509 1974 561 lucra
2003 511 2291 573 portendit
2320 527 2407 562 ra-

215 578 374 626 tione
401 574 757 626 haereditatis
785 591 857 626 ex
883 577 1221 639 parentibus
1249 577 1299 627 8(
1326 581 1551 629 ratione
1578 580 1910 640 mulierum,
1938 581 2031 632 sed
2063 586 2110 638 ἅ
2141 581 2249 632 hos
2274 597 2407 632 con-

146 657 167 691 5
216 646 386 697 sumit
407 646 741 710 dissipatque
763 647 972 698 rursuS.

296 719 328 777 Ψ
353 717 649 768 Dominus
676 717 944 769 secundae
968 719 1326 770 essentialiter
1352 719 1513 770 fortis
1537 720 1629 771 sed
1651 721 2080 773 accidentaliter
2101 723 2314 774 cadens
2334 724 2406 774 ab

215 788 433 852 angulo
448 787 739 852 fignificat,
757 789 915 852 quod
927 790 1214 840 videbitur
1228 791 1500 853 possidere
1516 791 1753 854 aliquid,
1771 808 2105 856 nomenque
2123 794 2173 844 8(
2187 794 2408 845 famam

216 859 406 910 divitis
427 858 678 919 habebit,
701 875 906 911 revera
926 867 1125 911 tamen
1145 861 1276 924 plus
1298 862 1499 912 damni
1520 878 1700 925 quam
1720 863 1865 913 lucri
1885 863 2054 915 faciet
2075 864 2312 915 occulte.

295 933 344 990 ὃ
380 932 443 980 in
467 930 720 982 secunda
745 930 880 982 facit
906 930 1269 983 fortunatum
1296 935 1357 983 in
1386 932 1543 992 lud0‚
1575 933 1667 983 sed
1696 937 1800 984 erit
1828 935 2111 998 dissipator
2137 935 2255 986 suae
2282 936 2405 986 sub-

124 1012 165 1046 10
213 1001 451 1053 stantiae.

102 1081 183 1123 35r
286 1073 452 1124 Mars
468 1073 766 1124 Dominus
782 1073 1160 1125 Ascendentis
1182 1074 1233 1124 8(
1260 1078 1315 1133 ΕΒ
1343 1070 1362 1141 ΙΙ
1385 1074 1597 1125 cadens
1619 1075 1691 1126 ab
1714 1076 1930 1139 angulo
1953 1076 2003 1126 8(
2024 1077 2191 1127 laesus
2213 1077 2285 1128 ab
2308 1093 2406 1140 op-

214 1144 396 1208 posito
424 1144 677 1204 Saturni,
707 1144 984 1209 fignificat
1011 1146 1169 1208 quod
1198 1146 1314 1208 ipse
1345 1145 1620 1209 dissipabit
1650 1146 1701 1196 8(
1731 1147 2014 1197 diminuet
2039 1147 2407 1199 substantiam

214 1215 378 1267 suam
396 1214 917 1279 haereditatemque
932 1223 1259 1280 parentum,
1280 1216 1453 1280 seque
1469 1217 1543 1267 ad
1557 1217 1937 1281 indigentiam
1952 1219 2209 1278 deducet,
2232 1219 2405 1282 idque

214 1294 449 1351 propter
482 1290 963 1338 commixtionem
995 1288 1241 1338 Veneris
1272 1304 1375 1351 per
1407 1288 1750 1351 voluptateS,
1788 1292 2073 1349 convivia,
2111 1298 2404 1352 compota-

124 1368 164 1402 15
213 1361 418 1418 tioneS‚
440 1361 694 1409 nimium
714 1358 922 1409 luxum
942 1361 1004 1409 in
1024 1359 1226 1409 vestitu
1247 1358 1298 1409 8(
1318 1375 1420 1422 per
1440 1375 1671 1410 amores
1692 1359 2022 1410 mulierum.

284 1430 404 1480 Erit
434 1436 632 1481 autem
666 1432 727 1480 in
759 1432 1045 1493 principio
1076 1432 1211 1481 vitae
1243 1430 1507 1493 pluribus
1541 1429 1973 1481 difficultatibus
2007 1431 2312 1490 obnoxiuS,
2345 1434 2407 1482 in

212 1500 330 1551 fine
357 1517 499 1552 vero
526 1500 852 1565 prosperior
880 1517 998 1564 quo
1026 1501 1100 1552 ad
1126 1517 1217 1551 res
1244 1501 1512 1551 fortunae.
1545 1501 1612 1551 In
1637 1504 1838 1564 primis
1864 1517 2003 1552 vero
2030 1517 2132 1564 per
2161 1501 2405 1552 infideli-

211 1578 391 1623 tatem
411 1572 711 1623 servorum
734 1572 785 1623 8(
805 1572 1164 1623 subditorum
1189 1573 1408 1623 damna
1434 1575 1684 1635 patietur
1703 1575 1764 1622 in
1786 1572 1957 1623 rebus
1983 1572 2250 1632 fortunae,
2280 1576 2405 1624 erit-

213 1659 326 1707 que
347 1646 410 1694 in
431 1643 830 1695 animantibus
850 1643 969 1694 fere
992 1642 1266 1694 omnibus
1286 1650 1408 1694 tam
1428 1642 1749 1707 majoribus
1771 1659 1951 1706 quam
1971 1644 2295 1694 minoribus
2321 1646 2404 1694 in-

116 1724 161 1758 20
210 1714 365 1775 felix,
387 1714 693 1778 solumque
714 1714 765 1766 8(
786 1716 1068 1778 potissima
1087 1714 1324 1765 fortuna
1341 1714 1834 1777 acquirendarum
1854 1714 2405 1765 conservandarum-

212 1802 326 1849 que
349 1786 700 1846 divitiarum,
723 1788 951 1837 ratione
973 1788 1245 1849 conjugij‚
1267 1788 1351 1836 uti
1373 1786 1507 1844 dixi,
1529 1785 1630 1848 ipfi
1652 1787 1892 1835 eveniet.
1917 1780 1935 1851 ΙΙ

98 1864 185 1906 35v
282 1856 578 1921 Tempora
597 1873 738 1908 vero
761 1856 972 1920 quibus
992 1858 1341 1920 potissimum
1360 1859 1464 1906 erit
1481 1855 1618 1906 felix
1634 1856 1708 1906 ad
1723 1867 1813 1906 res
1828 1855 2079 1906 fortunae
2095 1856 2405 1919 adipiscen-

211 1928 332 1989 daS,
350 1935 520 1979 erunt
535 1931 687 1980 circa
700 1929 948 1978 Annum
963 1929 1012 1987 5,
1035 1943 1170 1978 cum
1191 1931 1246 1986 ΕΒ
1268 1928 1343 1978 ad
1364 1937 1421 1979 ἦέ
1446 1932 1480 1985 ῼ
1507 1925 1715 1978 directe
1732 1927 1781 1977 8(
1803 1937 1859 1978 >4
1888 1929 1919 1986 ἕ
1946 1926 2216 1977 converse
2231 1930 2403 1978 venit.

211 1999 356 2050 Item
365 2002 535 2064 juxta
549 2001 799 2050 Annum
814 2000 885 2059 10,
909 2015 1045 2050 cum
1061 1999 1135 2050 ad
1157 2002 1212 2057 Δ
1237 2004 1272 2056 21
1286 2040 1296 2058 ,
1315 1998 1365 2049 8(
1374 2001 1543 2062 juxta
1557 1998 1612 2048 12
1629 1997 1998 2060 completum,
2016 2013 2150 2048 cum
2164 1998 2238 2048 ad
2256 2008 2312 2050 96
2326 2001 2403 2057 Θ.

115 2080 160 2114 25
210 2071 356 2122 Item
371 2074 540 2135 juxta
560 2071 633 2130 21,
657 2086 792 2121 cum
807 2071 882 2122 ad
904 2073 959 2128 Δ
974 2073 1052 2130 Θ.
1075 2069 1453 2120 Mediocriter
1469 2072 1645 2120 etiam
1660 2071 1827 2132 juxta
1841 2069 1925 2128 27,
1949 2084 2082 2119 cum
2098 2068 2171 2119 ad
2192 2071 2247 2127 [l
2273 2073 2331 2128 Q,
2355 2068 2406 2119 8(

204 2144 374 2206 juxta
399 2143 484 2202 35,
514 2158 648 2193 cum
676 2142 750 2193 ad
783 2146 828 2199 0‘
862 2144 894 2201 §.5
922 2143 1206 2205 pertingit.
1235 2140 1468 2191 Illustris
1497 2143 1673 2190 etiam
1694 2140 1968 2202 quaedam
1988 2139 2223 2190 fortuna
2238 2142 2406 2204 juxta

209 2213 277 2264 42
298 2214 562 2273 Annum,
585 2229 720 2264 cum
747 2216 802 2272 G?
830 2213 905 2264 ad
926 2212 1124 2264 Solem
1143 2214 1428 2275 pertingit,
1450 2211 1769 2274 pollicetur.

280 2284 670 2336 Adverfitates
698 2291 868 2335 erunt
890 2286 1059 2348 juxta
1085 2299 1275 2334 annos
1303 2282 1359 2333 16
1387 2282 1437 2332 8(
1464 2283 1536 2341 19,
1568 2284 1837 2345 quamvis
1865 2297 1999 2332 cum
2025 2281 2405 2332 inconstantia

210 2356 486 2419 quadam.
509 2356 576 2406 In
596 2358 799 2419 primis
819 2370 960 2405 vero
981 2353 1183 2404 infelix
1206 2356 1311 2404 erit
1331 2355 1392 2403 in
1413 2353 1586 2403 rebus
1606 2353 1858 2403 fortunae
1875 2354 2042 2415 juxta
2059 2352 2127 2402 30
2141 2353 2402 2411 Annum,

115 2435 161 2469 30
211 2442 347 2478 cum
373 2430 429 2486 65
456 2427 530 2478 ad
557 2430 613 2486 [Ι
639 2426 675 2489 b
699 2429 874 2485 venit,
897 2425 948 2476 8(
969 2425 1178 2476 deinde
1194 2427 1363 2489 juxta
1383 2424 1467 2483 33,
1491 2439 1624 2474 cum
1645 2424 1801 2474 idem
1827 2426 1882 2482 [l
1903 2427 1949 2480 ὅ
1981 2422 2246 2486 applicat.
2270 2418 2289 2489 ΙΙ

95 2564 178 2607 36r
550 2549 673 2607 DE
710 2546 1267 2607 HONORIBUS
1302 2546 1361 2605 &
1396 2543 2071 2605 DIGNITATIBUS.

308 2638 807 2691 IGNIFICATIO
841 2638 1141 2689 honorum
1171 2636 1222 2688 8(
1252 2637 1598 2701 dignitatum
1630 2638 1691 2686 in
1724 2636 1835 2687 hac
1865 2635 2084 2700 Inclyta
2116 2635 2405 2686 Genitura

323 2710 567 2762 sumitur
587 2711 660 2761 ab
681 2710 772 2761 his
793 2709 951 2761 locis,

491 2782 547 2832 A
569 2781 702 2833 Sole
724 2783 785 2831 in
806 2781 862 2831 12
891 2783 943 2841 Ω
972 2783 1035 2831 in
1054 2779 1157 2831 suo
1179 2786 1456 2842 carpento
1477 2778 1790 2830 fortunato.

112 2862 158 2896 ³⁵
491 2853 547 2903 A
568 2853 739 2903 Luna
758 2854 820 2902 in
841 2852 897 2902 10
926 2854 977 2911 )(
1006 2850 1382 2901 infortunata.

490 2924 546 2974 A
567 2923 651 2974 M.
670 2922 736 2974 C.
759 2925 822 2973 in
841 2924 873 2974 5
901 2930 934 2977 Z
961 2938 1096 2973 cum
1116 2922 1270 2986 Lyra
1289 2920 1601 2972 fortunata.

489 2995 546 3045 A
571 2994 607 3057 Ἒ)
633 2996 759 3059 ejus
780 2994 1045 3044 Domino
1066 2992 1444 3043 infortunato

207 3065 365 3117 Cum
390 3067 587 3128 itaque
614 3065 831 3116 horum
856 3063 1308 3129 significatorum
1333 3063 1528 3113 media
1554 3077 1688 3125 pars
1715 3061 1954 3112 feliciter
1981 3060 2032 3110 8(
2057 3060 2324 3123 prospere
2348 3059 2402 3109 se

205 3135 435 3195 habeat,
451 3136 647 3187 media
661 3151 801 3186 vero
817 3135 1068 3186 infauste
1084 3134 1474 3193 constituatur,
1494 3148 1617 3183 non
1632 3132 1867 3183 obscure
1882 3132 2170 3182 indicatur
2183 3130 2399 3181 medio-

111 3216 156 3250 40
206 3209 467 3258 critatem
489 3207 790 3270 quandam
809 3206 1071 3269 polliceri
1091 3208 1153 3256 in
1173 3204 1500 3255 honoribus
1521 3202 2009 3267 dignitatibusque
2028 3201 2399 3264 assequendiS,

207 3277 258 3328 8(
280 3278 580 3340 quandam
601 3280 778 3328 etiam
798 3279 860 3327 in
880 3276 1011 3340 ipfis
1031 3275 1477 3327 inconstantiam
1497 3274 1770 3324 futuram.
1793 3268 1814 3339 ΙΙ
2119 3342 2162 3392 P
2202 3342 2295 3392 ΓΒ,

348 3359 415 3393 35*
1869 3358 1873 3360 ’
2164 3357 2198 3391 o
2225 3358 2243 3391 1
2281 3356 2400 3391 lma
