2678 4069
741 288 1411 342 PROLEGOMENA
1439 292 1840 346 EDITORIS
2307 296 2388 347 IX

193 438 364 481 neque
385 427 686 470 auctoritati
709 426 977 482 syntaxis
996 430 1102 471 ulla
1123 441 1187 471 ex
1209 433 1357 483 parte
1379 431 1685 483 confideret,
1709 433 1796 486 qui
1817 434 2011 485 omnia,
2035 446 2388 489 quaecumque

193 500 461 553 gesserant
482 497 820 552 Hipparchus
842 502 892 541 et
912 500 1240 551 Ptolemaeus,
1257 504 1582 553 retractaret,
1600 503 1823 557 denique
1846 504 1933 558 qui
1953 505 2388 548 instaurationem

194 568 536 612 astronomiae
564 568 630 611 ab
658 568 719 611 iis
745 571 918 612 solum
944 571 1127 624 perfici
1153 583 1308 625 posse
1334 572 1665 627 intellegeret,
1695 575 1782 628 qui
1808 575 1939 617 Solis
1968 577 2133 618 Lunae
2160 578 2389 630 planeta-

192 651 416 693 rumque
442 642 619 682 motus
644 639 756 682 sine
781 640 1168 684 intermissione
1195 644 1388 685 multos
1415 655 1508 696 per
1534 657 1700 688 annos
1727 650 2180 699 persequerentur,
2203 660 2308 691 non
2334 652 2389 690 ut

193 710 513 764 Copernicus
527 710 756 764 singulas
770 711 1035 754 interdum
1051 713 1448 756 observationes
1462 714 1639 757 facere
1654 716 1779 758 satis
1799 716 2069 759 haberent.
2088 718 2196 760 Nisi
2217 719 2388 772 ipsum

195 782 410 832 caelum‚
443 792 540 823 nec
575 784 815 824 veterum
846 785 1054 825 tanturn
1087 784 1304 837 scripta,
1339 785 1607 838 diligenter
1640 787 2074 840 cognoscebatur,
2108 789 2233 830 nihil
2266 790 2389 832 novi

193 851 413 894 inveniri
442 855 664 906 poterat.
692 852 920 907 Tempus
951 857 1064 896 erat
1094 856 1439 908 completum:
1472 856 1663 909 prodiit
1691 857 1844 910 igitur
1871 858 1930 908 is,
1963 870 2066 911 quo
2098 871 2229 913 opus
2259 864 2386 911 erat,

195 922 424 965 TYCHO
446 922 680 965 BRAHE.

200 994 307 1100 II
356 993 652 1047 Conspecto
674 994 902 1048 deliquio
925 996 1093 1039 Solari
1115 996 1237 1038 anni
1255 996 1365 1039 1560
1380 997 1606 1040 TYCHO
1629 998 1862 1050 BRAHE,
1886 999 1972 1052 qui
1992 1002 2105 1041 tum
2127 1012 2255 1054 puer
2276 1005 2388 1043 erat

318 1064 611 1107 otredecim
640 1077 918 1118 annorum,
948 1067 1332 1110 astronomiam
1361 1069 1614 1112 adamare
1641 1069 1839 1122 coepit1.
1868 1070 2051 1112 Tribus
2079 1071 2226 1113 annis
2253 1076 2386 1125 post,

194 1146 318 1177 cum
330 1135 523 1189 Lipsiae
537 1136 720 1179 studiis
736 1149 957 1191 operam
973 1139 1137 1189 daret,
1149 1138 1546 1183 observationes
1558 1142 1889 1195 planetarum
1900 1141 2077 1183 facere
2090 1145 2140 1184 et
2153 1154 2274 1184 cum
2287 1145 2389 1186 col-

193 1205 545 1249 locationibus
565 1219 594 1250 e
613 1208 805 1250 tabulis
826 1208 1161 1262 Alphonsinis
1183 1213 1339 1263 atque
1360 1210 1641 1252 Prutenicis
1663 1212 1898 1254 deductis
1919 1223 2232 1266 comparare
2253 1213 2389 1255 insti-

192 1277 303 1319 tuit.
327 1277 424 1320 Die
449 1277 500 1319 17
522 1279 719 1321 mensis
739 1280 956 1334 Augusti
979 1280 1100 1322 anni
1125 1280 1235 1323 1563
1258 1281 1485 1322 Martem
1507 1281 1752 1334 primum,
1774 1285 1929 1325 nocte
1950 1294 2075 1325 vero
2097 1283 2387 1337 insequenti

195 1348 624 1402 conjunctionem
651 1350 860 1392 Saturni
888 1354 1044 1404 atque
1067 1350 1094 1401 J
1099 1351 1212 1394 ovis
1239 1351 1556 1402 observavit,
1581 1352 1667 1405 qui
1689 1353 1770 1395 die
1790 1353 1848 1394 24
1867 1354 2083 1406 Augusti
2103 1366 2260 1396 mane
2279 1358 2388 1396 tan-

193 1422 308 1461 tum
329 1420 887 1474 appropinquaverunt
907 1421 1041 1464 inter
1061 1434 1132 1473 se,
1154 1425 1211 1464 ut
1230 1422 1564 1464 intervallum
1585 1423 1672 1464 vix
1694 1424 1837 1465 cerni
1858 1428 2049 1477 posset.
2075 1425 2389 1479 Hujusmodi

194 1490 593 1534 observationes
619 1503 786 1545 usque
814 1493 881 1534 ad
908 1493 1143 1535 medium
1164 1504 1403 1535 mensem
1425 1493 1712 1535 Octobrem
1739 1494 2078 1546 continuavit,
2102 1507 2240 1538 anno
2261 1507 2388 1539 vero

192 1561 485 1616 insequenti
505 1562 625 1604 inde
647 1575 678 1605 a
699 1562 781 1605 die
795 1563 852 1605 27
867 1564 1063 1606 mensis
1079 1563 1253 1605 Martii
1271 1563 1561 1614 renovavit,
1578 1575 1701 1606 cum
1717 1576 1881 1618 usque
1898 1566 1965 1607 ad
1979 1565 2030 1607 id
2043 1569 2250 1619 tempus
2265 1567 2389 1608 nihil

192 1633 302 1676 fere
318 1633 460 1676 aliud
475 1636 768 1685 annotaret,
780 1646 941 1688 quam
955 1634 1142 1687 quibus
1154 1646 1277 1676 cum
1289 1634 1448 1676 stellis
1463 1635 1672 1688 planeta
1688 1635 1873 1688 aliquis
1887 1639 2088 1678 rectam
2104 1636 2295 1679 lineam
2308 1639 2388 1680 vel

191 1704 510 1758 triangulum
531 1705 913 1759 rectiangulum
934 1705 1190 1755 efficeret;
1213 1716 1615 1758 nonnumquam
1629 1709 1808 1748 tamen
1823 1707 1982 1749 etiam
2004 1707 2200 1750 circino
2216 1708 2390 1750 usitati

193 1775 395 1830 generis
424 1787 551 1818 usus
580 1779 672 1819 est.
703 1777 834 1818 Cum
864 1776 1018 1830 hujus
1048 1778 1289 1818 centrum
1317 1777 1472 1819 oculo
1501 1777 2033 1830 appropinquaverat,
2063 1789 2217 1820 crura
2244 1791 2387 1830 vero,

196 1847 421 1889 alterum
454 1847 708 1890 adversus
741 1848 1025 1901 planetam,
1062 1847 1286 1889 alterum
1320 1847 1573 1889 adversus
1606 1848 1811 1890 stellam
1845 1848 2076 1902 aliquam
2111 1849 2387 1901 direxerat,

192 1917 385 1960 horum
407 1917 711 1960 distantiam
733 1918 1040 1972 angularem
1060 1917 1163 1960 hoc
1185 1918 1348 1960 modo
1369 1917 1602 1960 invenire
1624 1922 1851 1972 poterat:
1884 1918 2138 1961 circinum
2169 1920 2307 1962 enim
2337 1920 2389 1962 in

193 1988 380 2031 charta
400 1988 647 2043 ponebat,
670 1988 759 2031 ubi
780 1988 1038 2031 circulum
1059 1988 1415 2031 delineaverat
1435 1991 1486 2030 et
1506 1989 1558 2030 in
1579 1990 1770 2042 gradus
1791 1990 2153 2043 graduumque
2175 1990 2389 2032 dimidia

193 2059 545 2113 discripserat.
561 2060 711 2103 Tales
733 2059 1132 2103 observationes
1153 2059 1417 2113 simplices
1437 2059 1564 2102 satis
1573 2060 1685 2114 jam
1702 2061 2211 2112 demonstraverunt,
2229 2074 2389 2115 quam

193 2131 332 2173 male
348 2130 508 2173 etiam
523 2131 813 2174 Prutenicae
826 2131 1024 2173 tabulae
1038 2130 1177 2173 veris
1198 2130 1532 2184 planetarum
1553 2130 1784 2173 motibus
1803 2131 1856 2172 in
1877 2132 2009 2174 caelo
2032 2132 2386 2174 convenirent.

194 2201 291 2243 Die
312 2213 440 2244 vero
467 2201 483 2243 1
509 2202 705 2244 mensis
727 2202 853 2256 Maji
872 2202 947 2244 uti
969 2201 1130 2256 coepit
1149 2201 1514 2252 instrumento,
1538 2202 1680 2255 quod
1700 2213 1823 2244 vere
1844 2202 1916 2244 ita
1938 2202 2040 2244 dici
2061 2205 2282 2255 poterat,
2305 2203 2389 2245 cui

193 2283 391 2316 nomen
410 2276 524 2316 erat
549 2273 770 2316 »Baculo
792 2273 1024 2324 Iacobi«;
1047 2272 1158 2327 ipse
1177 2275 1358 2314 tamen
1372 2272 1554 2326 Tycho
1573 2272 1820 2315 »Radium
1841 2273 2284 2316 astronomicum«
2304 2286 2390 2317 vo—

193 2354 317 2386 care
337 2343 557 2386 solebat.
574 2344 798 2387 Baculus
819 2347 932 2387 erat
952 2344 1096 2395 levis,
1112 2343 1265 2386 unius
1287 2343 1395 2386 fere
1416 2343 1571 2385 metri
1591 2344 1925 2398 longitudine,
1942 2347 2190 2387 accurate
2210 2344 2262 2386 in
2276 2357 2390 2398 par-

191 2417 271 2457 tes
292 2414 586 2469 discriptus,
605 2426 838 2469 quocum
853 2416 984 2457 alter
999 2414 1234 2465 baculus,
1252 2414 1483 2457 dimidiae
1497 2414 1608 2457 fere
1623 2415 1969 2469 longitudinis,
1985 2415 2057 2457 ita
2078 2415 2387 2469 conJ'unctus

194 2489 322 2536 erat,
345 2488 417 2536 ut,
434 2497 558 2528 cum
579 2487 872 2529 secundum
894 2486 1155 2540 majorem
1176 2485 1322 2527 illum
1343 2488 1763 2539 promoveretur,
1780 2497 1903 2528 cum
1923 2486 2026 2529 hoc
2048 2498 2257 2540 semper
2278 2498 2388 2528 cru-

193 2567 312 2598 cem
339 2556 719 2611 rectiangulam
749 2557 998 2600 efficeret.
1023 2557 1206 2610 Itaque
1226 2568 1320 2610 per
1339 2556 1578 2599 tabulam
1597 2557 1922 2610 tangentium
1945 2557 2245 2599 distantiam
2268 2558 2389 2599 dua—

190 2639 311 2669 rum
340 2628 610 2670 stellarum
640 2628 812 2671 metiri
842 2630 893 2671 et
922 2629 1187 2682 angulum,
1217 2627 1304 2681 qui
1330 2627 1402 2669 illi
1427 2627 1797 2681 respondebat,
1825 2628 2054 2681 reperire
2081 2628 2285 2670 licebat.
2315 2628 2389 2669 In-

193 2701 339 2740 certa
372 2701 451 2741 est
483 2698 628 2753 origo
661 2699 815 2754 huJus
846 2698 1199 2750 instrumenti;
1234 2701 1470 2741 ceterum
1503 2698 1777 2752 descripsit
1803 2699 1915 2752 jam
1944 2698 2386 2749 ARCHIMEDES,

193 2770 464 2822 quomodo
491 2781 585 2823 per
611 2769 925 2824 cylindrum,
955 2770 1042 2823 qui
1068 2772 1217 2812 tanto
1247 2769 1417 2823 spatio
1446 2769 1512 2811 ab
1543 2771 1696 2812 oculo
1724 2769 1924 2823 positus
1951 2772 2102 2820 esset,
2130 2772 2186 2811 ut
2213 2769 2386 2811 Solem

192 2842 405 2893 tegeret,
429 2840 687 2883 diameter
707 2840 856 2892 Solis,
880 2841 968 2894 qui
989 2843 1282 2895 appareret,
1300 2840 1504 2882 definiri
1525 2842 1716 2894 posset.
1734 2840 1931 2882 Eadem
1951 2840 2102 2894 igitur
2121 2839 2254 2882 ratio
2277 2842 2388 2881 erat

192 2910 328 2953 illius
350 2911 528 2954 Baculi
548 2911 658 2954 sive
676 2911 838 2962 Radii‚
855 2923 959 2965 quo
980 2911 1189 2954 saeculis
1204 2911 1322 2952 XIV
1336 2914 1387 2953 et
1401 2911 1494 2953 XV
1507 2911 1589 2967 (ac
1612 2911 1835 2954 fortasse
1857 2911 2016 2952 etiam
2037 2910 2197 2965 prius)
2211 2913 2387 2951 nautae

194 2981 464 3036 praecipue
483 2982 806 3025 utebantur2.
821 2982 1022 3036 Tycho,
1045 2981 1133 3035 qui
1152 2981 1298 3024 initio
1319 2993 1425 3025 non
1445 2982 1543 3024 nisi
1565 2982 1856 3025 dormiente
1878 2981 2144 3035 magistro,
2163 2981 2248 3034 qui
2268 2981 2385 3022 haec

252 3113 263 3138 1
285 3111 420 3147 Vitam
441 3112 667 3157 Tyehonis,
689 3123 817 3158 quam
838 3112 922 3148 alio
941 3117 1033 3149 loco
1054 3112 1324 3157 exposuimus
1347 3113 1510 3158 (Tycho
1530 3113 1682 3153 Brabe,
1703 3124 1728 3147 a
1745 3113 1907 3157 picture
1926 3113 1976 3147 ot*
1988 3112 2194 3147 scientffic
2212 3112 2284 3145 life
2304 3111 2387 3144 and

193 3172 314 3206 work
332 3172 375 3206 in
398 3172 467 3206 the
486 3173 702 3206 sixteenth
725 3175 912 3217 century,
937 3171 1168 3216 Edinburgi
1192 3172 1298 3211 1890;
1320 3171 1382 3206 ed.
1404 3171 1542 3206 Germ.
1563 3171 1824 3206 Caroliruhae
1848 3171 1966 3212 1894),
1987 3170 2054 3205 hic
2076 3181 2161 3204 non
2188 3170 2305 3204 locus
2327 3172 2386 3203 est

191 3229 434 3266 describere.
445 3231 638 3266 Ceterum
654 3241 934 3276 quaecumque
950 3232 1004 3266 ad
1017 3241 1110 3266 eam
1126 3229 1444 3265 describendam
1460 3230 1696 3266 necessaria
1711 3233 1841 3269 erunt,
1851 3230 1940 3264 haec
1955 3228 2080 3264 editio
2096 3227 2384 3272 suppeditabit.

250 3289 266 3313 ²
288 3288 519 3333 Descripsit
539 3289 662 3324 LEVI
686 3290 794 3324 BEN
817 3290 1045 3330 GERSON,
1066 3289 1139 3334 qui
1161 3299 1274 3324 anno
1299 3290 1387 3324 1344
1410 3292 1598 3324 mortuus
1620 3293 1690 3324 est.
1712 3290 1771 3324 Cf.
1788 3288 2016 3327 CANTOR,
2040 3287 2294 3322 Gesclu'cbte
2314 3287 2388 3319 det

190 3348 471 3382 Mathematik
493 3348 547 3382 112
567 3359 604 3392 p.
620 3349 699 3383 289.
1870 3367 1874 3369 ·

339 3419 401 3459 (B)
