2678 4069
276 101 380 151 224
593 91 1171 146 HOROSCOPUS
1199 90 1618 141 PRINCIPIS
1645 90 2139 141 HULDARICI

277 241 523 299 ideoque
544 251 580 286 a
599 234 898 284 Ptolomeo
920 232 971 282 8(
990 230 1418 295 probatioribus
1438 229 1753 293 Astrologis
1774 230 2094 294 negligitur,
2111 226 2131 297 ΙΙ
2149 245 2257 280 nos
2279 233 2455 281 etiarn
2492 239 2574 281 19v

275 324 379 371 pro
407 310 622 356 incerto
650 319 786 354 eum
811 304 1034 352 missum
1059 301 1341 352 faciemus
1363 300 1413 350 8(
1437 300 1511 351 ad
1533 303 1907 363 experientiae
1934 303 2120 364 magis
2141 300 2457 351 consonam

275 380 559 428 rationem
579 373 941 432 accedamuS‚
970 379 1023 423 et
1051 370 1394 422 directiones
1419 373 1746 433 praecipuas
1766 370 2171 434 apheticorum
2190 370 2458 421 locorum

275 448 347 498 ad
377 447 791 497 conuenientes
821 448 1091 493 anaretas
1120 441 1559 505 perpendenteS,
1590 441 1631 491 fi
1656 441 1793 492 hinc
1820 456 1943 491 non
1970 441 2296 504 ipfissimum
2321 444 2456 492 vitae

274 519 585 567 terminum
611 513 921 577 praefinire,
948 513 1149 563 saltem
1170 527 1270 562 eos
1291 514 1477 562 aetatis
1501 527 1707 571 annOS‚
1736 512 1947 574 quibus
1973 514 2302 562 maximum
2321 513 2456 562 vitae
2507 523 2528 556 5

274 589 535 637 imminet
565 584 882 643 discrimen,
917 583 1173 634 indicare
1202 583 1487 645 possimuS,
1521 589 1580 632 vt
1609 582 1952 645 periculum,
1988 582 2145 645 quod
2176 585 2327 633 circa
2357 581 2459 633 illa

271 665 533 719 tempora
558 657 840 713 imminet,
869 656 1094 705 cautius
1122 653 1172 703 8(
1199 652 1529 716 diligentius
1557 652 1850 703 declinare
1878 652 1929 702 8(
1957 655 2177 703 euitare
2203 653 2377 715 possit,
2407 651 2459 702 8(

272 730 403 777 vitae
431 726 884 783 diuturnitatem,
913 730 1201 787 quantum
1226 722 1478 786 possibile
1506 725 1627 781 erit,
1656 738 1726 773 eo
1753 722 1964 773 melius
1991 722 2043 773 8(
2069 722 2296 774 felicius
2323 738 2457 773 con-

271 798 514 847 seruare.
547 795 872 846 Recensebo
898 798 1095 858 itaque
1123 793 1326 845 ordine
1354 796 1682 857 praecipuos
1708 793 1914 844 fatales
1942 793 2210 844 occursus
2237 792 2457 857 apheti—

272 882 474 918 corum
499 866 764 916 locorum
786 861 806 932 ΙΙ
827 866 901 916 ad
923 865 1144 916 debitos
1171 871 1458 924 anaretaS,
1487 863 1835 915 constituens
1857 864 2088 915 Lunam
2115 880 2221 928 pro
2247 866 2456 927 princi·
2488 872 2570 914 20r

271 938 389 1001 pali
421 936 650 1000 apheta,
683 939 762 986 vti
793 939 954 999 prius
988 936 1257 994 diximuS,
1298 935 1507 985 deinde
1541 934 1893 994 AscendenS,
1934 934 2092 998 quod
2125 934 2458 999 generalem

270 1008 482 1071 vbique
496 1010 631 1057 vitae
646 1006 1122 1070 significationem
1135 1005 1326 1064 habet,
1345 1008 1512 1056 tertio
1528 1005 1726 1056 Solem
1740 1005 2119 1056 Ascendentis
2134 1006 2457 1064 dominum,

272 1081 373 1142 qui
400 1080 575 1128 etiarn
601 1093 703 1140 per
729 1077 783 1127 se
809 1076 1152 1141 generaliter
1171 1079 1352 1126 vitam
1379 1075 1642 1139 disponit,
1669 1075 1944 1126 nonnihil
1971 1079 2146 1127 etiam
2169 1076 2459 1140 potestatis

270 1148 382 1199 hoc
412 1151 471 1199 in
503 1148 633 1199 loco
665 1148 981 1198 tribuentes
1012 1147 1188 1211 Martj
1221 1146 1534 1197 Vniuersali
1566 1146 1872 1198 Geniturae
1905 1146 2275 1211 gubernatorj
2314 1146 2364 1196 8(
2397 1149 2459 1197 in

270 1219 537 1283 aphetico
558 1218 687 1269 loco
708 1218 972 1269 foeliciter
992 1218 1310 1269 constitutO.
2512 1227 2554 1261 15

308 1368 635 1419 SEQUITUR
662 1367 1098 1411 ENUMERATIO
1125 1367 1467 1410 ANNORUM
1496 1367 1844 1410 FATALIUM
1873 1368 1913 1409 8(
1939 1367 2123 1409 VITAE
2152 1368 2424 1410 MAXIME

794 1433 1353 1475 PERICULOSORUM
1381 1433 1495 1474 PER
1520 1432 1756 1475 TOTUM
1785 1432 1935 1475 EIUS

1136 1497 1593 1540 CURRICULUM.

343 1574 521 1623 Anno
553 1572 709 1622 sexto
743 1575 928 1623 aetatis
961 1574 1078 1636 natj
1111 1572 1341 1623 labente
1373 1571 1469 1622 etsi
1498 1571 1663 1622 nulla
1692 1573 1986 1636 contingat
2015 1570 2251 1623 directio
2280 1570 2458 1622 male-

272 1643 412 1693 uola
437 1642 541 1693 nisi
567 1638 587 1710 ΙΙ
615 1642 773 1706 quod
793 1642 1128 1694 Ascendens
1154 1649 1412 1693 moretur
1440 1645 1501 1693 in
1526 1645 1788 1693 terminis
1814 1641 2062 1706 maleficj
2092 1642 2153 1706 b,
2181 1639 2459 1706 profectio
2491 1650 2578 1692 20v

271 1720 469 1764 tamen
489 1729 691 1764 annua
705 1713 1081 1764 Ascendentis
1102 1716 1259 1764 venit
1279 1716 1341 1763 in
1361 1713 1579 1764 sextam
1600 1714 1843 1764 domum
1858 1713 1932 1764 ad
1947 1728 2157 1777 corpus
2177 1713 2213 1777 b
2233 1712 2283 1763 8(
2309 1715 2366 1772 [Ι
2385 1716 2432 1770 d*
2448 1753 2459 1771 ‚

273 1783 323 1834 8(
351 1786 389 1844 ζ(
419 1782 694 1847 profectio
717 1787 777 1834 in
799 1792 853 1838 ἐξ
874 1784 949 1835 ad
970 1784 1293 1835 eorundem
1313 1784 1642 1835 maleuolos
1663 1784 1859 1835 radios
1878 1786 2162 1848 pertingit,
2183 1783 2336 1834 vnde
2357 1783 2459 1835 ali-

272 1855 411 1918 quid
440 1855 731 1919 incomodj
766 1857 827 1905 in
854 1858 973 1905 vita
1004 1854 1054 1905 8(
1083 1855 1418 1906 valetudine
1448 1858 1566 1919 natj
1600 1854 1825 1906 adferre
1854 1857 2078 1919 poterit,
2108 1855 2284 1918 idque
2313 1869 2459 1918 prae-
2546 1862 2550 1864 ’

270 1925 460 1975 sertim
481 1928 632 1976 circa
651 1926 684 1975 4
700 1925 750 1975 8(
765 1926 797 1977 7
817 1925 1090 1985 mensem,
1113 1926 1271 1989 quod
1291 1926 1490 1977 incidit
1509 1928 1571 1976 in
1585 1926 1851 1989 Aprilem
1867 1925 1918 1976 8(
1933 1925 2150 1977 Iulium
2169 1927 2308 1990 annj
2333 1925 2460 1977 1584

271 1995 531 2047 labentiS.
561 1995 1057 2060 Significationem
1077 1996 1230 2047 hanc
1251 1996 1543 2048 reuolutio
1563 1997 1823 2057 intendit,
1846 2012 1988 2047 narn
2012 1996 2048 2060 b
2073 2000 2134 2047 in
2156 2012 2227 2047 ea
2246 1999 2458 2060 reperi·
2509 2007 2555 2040 2⁵

271 2073 363 2117 tur
388 2069 450 2117 in
475 2066 631 2117 sexta
657 2067 834 2117 domo
862 2067 1364 2130 quemadmodum
1392 2070 1452 2118 in
1479 2067 1688 2128 radice,
1713 2067 1763 2118 8(
1785 2067 1951 2119 Mars
1973 2067 2046 2118 est
2067 2068 2342 2118 dominus
2367 2082 2458 2118 oc-

271 2139 389 2200 tauj
414 2137 521 2201 locj
547 2140 607 2187 in
622 2138 826 2189 Medio
843 2138 1014 2202 Coelj,
1035 2145 1207 2201 prout
1227 2141 1403 2189 etiam
1417 2141 1479 2189 in
1494 2139 1687 2190 radice
1702 2138 2037 2190 constitutus
2052 2138 2249 2190 Solem
2266 2137 2461 2202 partili

277 2204 335 2272 ΟΩ
360 2207 526 2258 fimul
547 2207 825 2272 affligens,
849 2204 868 2275 ΙΙ
889 2209 1041 2259 vnde
1063 2208 1175 2259 hoc
1196 2224 1356 2260 anno
1377 2209 1693 2272 praesertim
1714 2212 1865 2261 circa
1883 2216 2149 2273 tempora
2164 2212 2289 2274 jam
2309 2207 2460 2260 dicta
2491 2217 2542 2258 21
2556 2226 2571 2243 r

274 2277 325 2327 8(
346 2280 513 2341 juxta
538 2278 758 2329 sextum
782 2281 957 2330 etiam
977 2279 1250 2339 mensem,
1279 2283 1380 2343 qui
1402 2280 1476 2331 est
1497 2280 1700 2331 Iunius
1728 2280 1983 2344 (propter
2003 2279 2458 2342 reuolutionem)

273 2348 494 2411 aliquid
509 2348 848 2399 discriminis
864 2349 915 2400 8(
929 2350 1286 2401 aduersitatis
1306 2351 1617 2414 impendet,
1639 2351 1954 2415 praesertim
1975 2367 2046 2402 ex
2065 2351 2246 2402 caufis
2267 2350 2457 2401 humi·
2508 2360 2554 2394 30

273 2419 360 2468 dis
382 2418 432 2468 8(
452 2418 772 2470 humorum
793 2420 1226 2471 defluxionibus
1247 2428 1347 2472 aut
1369 2425 1545 2472 etiam
1567 2424 1711 2473 cutis
1733 2422 2263 2473 exulcerationibus
2290 2421 2458 2473 febri-

274 2504 386 2551 que
402 2489 617 2552 aliqua,
639 2498 740 2541 aut
754 2489 845 2540 his
859 2490 1136 2542 similibus
1151 2490 1570 2544 affectionibus
1587 2494 1867 2544 Attamen
1882 2496 2022 2556 quia
2036 2493 2202 2544 nulla
2217 2493 2459 2543 euidens

276 2559 372 2623 (vtj
406 2559 546 2623 dixj)
577 2560 743 2611 fimul
773 2564 1061 2613 concurrit
1090 2561 1325 2614 direfflo
1357 2579 1490 2626 quae
1520 2566 1656 2614 vitae
1690 2563 1889 2615 infesta
1922 2565 2024 2614 esse
2056 2565 2227 2627 posset
2258 2563 2459 2627 (penes

274 2628 615 2681 directiones
637 2634 795 2682 enim
815 2635 1003 2683 maior
1022 2632 1243 2696 semper
1265 2633 1338 2684 est
1359 2637 1640 2685 autoritas
1661 2650 1841 2698 quarn
1867 2650 2047 2698 penes
2073 2632 2459 2698 profectiones

273 2700 366 2750 vel
386 2701 822 2764 reuolutiones),
844 2705 964 2753 imo
986 2704 1155 2754 Luna
1168 2707 1230 2754 in
1245 2706 1709 2756 antecedentiam
1723 2708 1820 2756 via
1834 2703 2165 2757 directionis
2180 2708 2331 2756 circa
2344 2704 2457 2756 hoc
2507 2714 2553 2748 35

273 2777 500 2834 tempus
527 2772 600 2822 ad
632 2775 688 2831 [l
713 2778 748 2830 2}
778 2772 1018 2823 breuem
1044 2774 1365 2837 plurimum
1391 2776 1689 2836 accelerat,
1717 2776 1870 2827 vnde
1896 2774 2268 2840 profectionis
2295 2775 2346 2826 8(
2372 2791 2456 2826 re-

274 2836 638 2908 uo-sslutionis
652 2842 805 2893 istius
820 2843 1091 2895 aduersas
1105 2844 1546 2909 significationes
1561 2846 1883 2910 plurimum
1896 2847 2148 2898 retundit
2158 2849 2458 2910 vitamque
2490 2855 2542 2896 21
2556 2864 2576 2881 v

275 2911 325 2962 8(
345 2912 742 2963 valetudinem
761 2920 968 2965 tuetur.

342 2983 522 3033 Anno
549 2987 734 3034 aetatis
761 2985 793 3035 9
819 2984 1065 3044 labente,
1098 2989 1198 3049 qui
1226 2988 1427 3038 incidit
1455 2990 1516 3038 in
1546 3003 1772 3039 annum
1802 2988 2043 3052 Dominj
2075 2988 2217 3048 1587,
2246 2987 2456 3039 Ascen-

273 3053 458 3104 dentis
479 3052 714 3105 direcftio
729 3055 803 3105 ad
818 3056 1079 3106 medium
1098 3060 1483 3108 terminorum
1502 3058 1538 3121 ’b
1557 3058 1907 3118 deuoluitur,
1931 3059 2088 3122 quod
2104 3059 2342 3122 quidem
2355 3074 2458 3122 per
2507 3069 2553 3102 40

272 3123 326 3174 se
347 3139 468 3175 non
488 3124 663 3187 vsque
685 3125 833 3176 adeo
854 3128 987 3177 vitae
1008 3126 1274 3178 infestum
1295 3129 1435 3188 esset,
1463 3129 1567 3179 nifi
1593 3129 1763 3192 plura
1787 3129 1905 3180 alia
1925 3129 2096 3194 longe
2118 3131 2458 3181 nocentiora

2032 3207 2456 3251 concurrerent.
