2678 4069
166 418 242 460 15¹
424 378 615 466 DE
654 377 1495 471 TRIANGVLIS
1539 380 2322 471 SPHAERICIS.

576 519 622 577 Ι.
659 518 1164 579 PROBLEMA
1194 521 2168 594 OBLIQUANGULORUM

1065 606 1680 658 SPHAERICORUM.

1128 870 1312 922 Datis
1347 870 1543 922 tribus
1575 870 1899 931 lateribus·
1932 873 2229 937 angulum
2264 886 2467 937 quem-

205 951 227 985 5
277 944 337 1014 fr
803 914 836 923 x
980 936 1033 1021 J
1060 955 1302 1006 cunque
1322 939 1709 1007 investigare.

1091 1038 1285 1085 minor
1320 1042 1373 1086 et
1393 1036 1736 1087 alterutrum
1754 1051 1877 1086 cru·
1916 1036 2464 1100 S.R.complementj

1362 1122 1494 1157 rum
1515 1107 1832 1169 quadrans:
1959 1106 2157 1170 anguli
2179 1106 2416 1169 quaefiti.

1319 1177 1443 1227 Fiat
1462 1184 1524 1228 ut
1542 1177 1595 1228 S.
1614 1177 1674 1227 R.
1698 1179 1877 1227 cruris

277 1244 336 1297 Si
358 1244 506 1296 bafis
526 1244 698 1296 fuerit
719 1245 1043 1309 quadrante
1363 1249 1521 1311 quod
1543 1248 1837 1311 quadrans

185 1328 227 1362 10
1347 1334 1469 1369 non
1491 1325 1573 1369 est
1594 1318 1668 1369 ad
1689 1318 1742 1369 S.
1764 1318 1851 1376 T.;

1343 1392 1422 1440 sic
1445 1389 1498 1440 S.
1522 1390 1582 1439 R.
1606 1388 1855 1452 comple-

1378 1463 1554 1524 mentj
1578 1459 1725 1510 basis
1747 1459 1821 1510 ad

1908 1388 1960 1439 S.
1970 1389 2030 1439 R.
2042 1389 2288 1439 excessus
2296 1388 2466 1451 supra

1059 1280 1079 1524 l
1091 1461 1208 1524 maj
1217 1476 1283 1510 or
1988 1459 2387 1522 quadrantem.

276 1554 354 1604 At
374 1552 415 1603 fi
435 1560 711 1604 neutrum
732 1569 969 1605 crurum
989 1553 1161 1604 fuerit
1181 1554 1493 1617 quadram,
1515 1561 1653 1604 tunc
1673 1557 1734 1604 in
1756 1554 2027 1604 omnibus
2046 1553 2246 1604 decem
2265 1553 2466 1604 formis

276 1624 705 1688 triangulorum
734 1623 1152 1688 sphaericorum
1180 1625 1737 1688 obliquangulorum
1762 1624 1884 1675 fiat:
1916 1624 1989 1674 Vt
2013 1624 2065 1675 S.
2087 1623 2151 1674 T.
2180 1625 2253 1675 ad
2280 1624 2467 1674 finum

187 1707 228 1740 1⁵
277 1693 499 1747 redium
519 1696 928 1760 complementj
955 1699 1136 1747 cruris
1162 1698 1425 1760 majoris:
1454 1695 1545 1746 Sic
1567 1696 1620 1746 S.
1644 1696 1705 1745 R.
1729 1695 2134 1758 complementj
2160 1697 2339 1745 cruris
2363 1697 2466 1744 mi-

278 1768 438 1817 noris
459 1766 534 1818 ad
555 1769 861 1818 inventum
881 1770 1154 1830 primum,
1178 1766 1335 1830 quod
1356 1769 1558 1817 minue
1574 1782 1609 1817 a
1624 1766 1677 1817 S.
1695 1766 1756 1816 R.
1778 1766 2019 1816 summae
2041 1781 2142 1828 per
2164 1764 2465 1830 προσθαφε

279 1840 683 1901 operationem
704 1845 964 1902 repertae,
986 1844 1049 1889 ut
1069 1837 1356 1889 habeatur
1375 1837 1666 1888 refiduum
1686 1837 1950 1887 su-mmae:

673 1932 1020 1984 alterutrum
1109 1932 1367 1982 Invicem
1399 1935 1599 1982 inven-
1627 1931 1740 1981 five
1760 1933 1956 1981 minus
1976 1930 2088 1980 five
2109 1932 2317 1994 majus,
2338 1945 2466 1993 pro-

729 2019 967 2055 crurum
1152 2010 1278 2054 tum
1299 2003 1322 2053 I
1345 2010 1398 2053 et
1420 2003 1472 2054 S.
1497 2003 1557 2053 R.
1662 2004 1855 2052 veniet
1875 2004 1937 2051 in
1956 2000 2214 2064 sequenti
2235 2016 2434 2064 opera-

184 2085 230 2119 20
613 2075 938 2138 quadrante
959 2089 1080 2125 ma·
1151 2074 1563 2137 complementi
1674 2075 1831 2123 tione
1854 2072 1906 2123 S.
1930 2072 1991 2122 R.
2014 2071 2425 2134 complementi

411 2160 552 2208 qua·
740 2148 853 2211 juS‚
875 2146 947 2196 A.
1108 2144 1271 2204 bans,
1298 2152 1361 2195 ut
1386 2145 1599 2195 habea·
1824 2142 2022 2206 anguli
2045 2141 2278 2205 quaefiti.

381 2215 585 2267 drante
1144 2222 1237 2266 tur
1260 2218 1566 2266 inventum

383 2281 593 2338 minor*
1189 2286 1523 2337 secundum.
1658 2287 1854 2335 minus
2138 2283 2190 2334 S.
2215 2283 2275 2333 R.
2298 2298 2450 2334 com-

286 2368 334 2438 55
456 2364 510 2409 et
612 2365 924 2422 Vtrumque
952 2373 1082 2408 crus
1110 2357 1602 2421 Siqueinventum
1896 2335 2089 2440 νὲξὲὲῐ
2158 2354 2430 2417 plementj

186 2440 231 2474 25
299 2442 335 2473 υ
629 2429 954 2493 quadrante
975 2428 1069 2479 vel
1160 2427 1376 2479 Ifuerit
1397 2427 1450 2479 S.
1474 2428 1565 2478 R.0
1919 2463 1928 2472 .
1996 2460 2022 2510 s
2201 2424 2399 2488 anguli

283 2476 335 2541 Ξ
613 2503 810 2551 minus
837 2499 931 2551 vel
960 2514 1081 2550 ma·
1152 2499 1565 2562 complementi
1882 2523 1884 2525 >
1915 2477 1977 2510 m
2020 2475 2088 2581 ei.
2181 2494 2415 2558 quaefiti.

284 2560 335 2629 ἒ.
736 2574 849 2635 3115,
872 2571 957 2621 M.
1283 2569 1429 2620 bafis
1893 2546 2050 2594 quen
2075 2548 2093 2580 ¹
2126 2565 2179 2616 S.
2203 2566 2264 2616 R.
2290 2564 2471 2615 exces-

285 2630 336 2707 Ξ
1897 2616 2097 2723 apem*
2159 2652 2255 2686 sus
2276 2635 2444 2699 supra

301 2727 337 2757 v
1665 2711 1858 2773 majus
1941 2687 2075 2723 mne
2186 2705 2419 2758 redium.

187 2793 234 2828 3⁰
302 2761 350 2841 ἓ
652 2783 999 2835 alterutrum
1020 2798 1144 2833 cru·
1917 2778 1970 2830 S.
1988 2779 2049 2829 R.
2066 2777 2475 2840 complementi

286 2844 338 2905 ὅ)
661 2869 794 2905 rum
815 2853 1140 2917 quadrante
1969 2848 2168 2913 anguli
2190 2847 2424 2911 quaefiti.

792 2927 1008 2989 majus;
1210 2923 1402 2987 Ipsum
1422 2925 1728 2973 inventum
1744 2921 1767 2971 I
1786 2923 1890 2971 erit

399 2975 598 3082 ciffis—
1270 2995 1834 3114 ‘¹¹²0f111313151‘53fum

191 3147 236 3181 35
462 3108 515 3152 et
669 3144 981 3200 vtrumque
1004 3151 1134 3187 crus
1212 3136 1280 3186 Et
1309 3138 1371 3186 in
1399 3080 1658 3198 fecquenti
1689 3104 1889 3196 dpera-

620 3207 945 3270 quadrante
965 3207 1059 3257 vel
1078 3209 1182 3257 mi·
1312 3209 1470 3257 tione
1491 3207 1794 3268 proveniet
1919 3201 2042 3253 S.R.
2055 3201 2299 3251 excessus
2308 3199 2475 3261 supra

673 3293 785 3329 nus
806 3278 900 3328 vel
919 3280 1036 3342 maj
1044 3293 1135 3336 us;
1999 3271 2398 3335 quadrantem.

429 3359 475 3393 38
1866 3360 1870 3362 *
2302 3339 2475 3400 Sique
