2678 4069
694 331 1364 385 PROLEGOMENA
1393 333 1795 385 EDITORIS
2147 332 2344 383 XXIX

152 472 375 525 denique
397 482 536 513 anno
562 469 674 512 1489
688 469 1022 511 WALTHER
1044 470 1506 523 animadverterat,
1524 472 1700 514 Solem
1721 484 1885 526 prope
1906 483 2162 514 occasum
2185 471 2343 524 Eclip-

151 542 314 585 ticam
334 541 677 583 Armillarum
704 551 922 582 suarum
943 541 1301 584 Zodiacalium
1324 543 1496 597 egredi
1517 543 1696 593 videri,
1720 543 1860 596 quod
1882 546 2022 585 recte
2044 541 2344 584 refractioni

151 611 451 667 imputavit;
473 611 613 653 hanc
634 622 763 653 vero
784 622 948 664 prope
970 611 1302 654 horizontem
1322 617 1527 655 tantum
1550 613 1796 667 cognosci
1816 624 1970 666 posse
1993 613 2346 655 arbitrabatur

153 695 250 726 nec
280 682 498 725 definire
528 683 752 724 conatus
782 684 875 731 est,
898 693 1060 734 quam
1090 681 1141 723 in
1172 695 1378 736 quaque
1410 684 1676 726 altitudine
1706 684 1814 725 vim
1845 683 2078 735 haberet,
2111 683 2251 737 quod
2281 694 2345 724 ne

152 756 437 809 potuerunt
458 752 672 806 quidem
692 751 906 794 efficere
926 751 1272 794 instrumenta
1295 755 1403 808 ejus
1425 766 1529 796 non
1550 755 1674 796 satis
1697 758 1943 796 accurate
1965 754 2224 796 confecta.

213 823 479 867 Absolutis
510 834 639 866 vero
671 822 901 865 Armillis
939 822 1264 877 Stellaeburgi
1304 824 1569 876 maximis,
1605 825 1900 879 diligentem
1934 826 1998 867 de
2031 824 2343 866 refractione

155 895 506 950 quaestionem
532 893 799 936 instituere
826 892 1006 935 statim
1035 893 1194 947 coepit
1213 894 1456 937 TYCHO.
1480 895 1640 937 Annis
1663 908 1693 937 a
1718 895 1828 937 1585
1850 896 1916 937 ad
1942 895 2053 937 1589
2072 895 2260 937 iterum
2284 906 2345 936 ac

153 966 346 1020 saepius
375 965 635 1019 integrum
665 963 807 1006 diem
836 963 958 1006 huic
989 963 1161 1006 studio
1191 964 1459 1018 impendit,
1484 969 1639 1019 atque
1669 966 1718 1007 id
1750 966 1960 1019 quidem
1992 977 2170 1008 mense
2194 965 2345 1015 Junio

153 1037 279 1088 fere,
303 1036 516 1090 quando
544 1034 824 1078 declinatio
848 1033 981 1077 Solis
1007 1034 1294 1077 lentissime
1316 1036 1634 1078 mutabatur.
1658 1038 1750 1078 Per
1771 1037 2131 1087 Quadrantem
2153 1037 2346 1078 azimu-

153 1108 354 1151 thalem
382 1106 710 1149 altitudinem
738 1108 894 1158 atque
923 1105 1255 1147 azimuthum
1283 1106 1530 1148 brevibus
1556 1108 1808 1160 temporis
1835 1108 2013 1160 spatiis
2040 1107 2347 1149 intermissis

155 1177 540 1221 dimetiebatur.
564 1177 638 1218 Ex
657 1175 935 1232 {altitudine
956 1176 1063 1230 poli
1083 1179 1133 1218 et
1155 1177 1426 1219 azimutho
1448 1180 1498 1219 et
1520 1177 1864 1220 declinatione
1887 1178 2211 1219 altitudinem
2233 1189 2347 1230 sup-

155 1249 390 1304 putabat,
414 1259 534 1302 quae
562 1247 605 1290 si
631 1247 697 1290 de
725 1247 995 1289 altitudine
1023 1247 1307 1290 observata
1329 1249 1565 1290 detracta
1587 1251 1713 1299 erat,
1738 1248 2063 1290 efficiebatur
2084 1248 2345 1290 refractio.

157 1321 418 1365 Utebatur
439 1322 619 1362 autem
640 1330 703 1361 ea
725 1329 936 1372 quoque
957 1318 1176 1369 ratione,
1199 1321 1256 1360 ut
1275 1330 1370 1372 per
1391 1319 1740 1372 quadrantem
1762 1322 1811 1361 et
1833 1319 2064 1361 armillas
2086 1319 2238 1361 simul
2262 1319 2348 1361 ob-

155 1391 482 1435 servationes
521 1389 825 1432 institueret.
859 1389 1141 1444 Trianguli,
1183 1390 1325 1443 quod
1364 1389 1663 1432 efficiebant
1696 1389 1875 1431 Zenith
1908 1390 2059 1443 polus
2098 1391 2348 1442 locusque

155 1463 289 1506 Solis
316 1472 594 1516 apparens,
616 1460 716 1502 tria
743 1461 909 1503 latera
937 1464 1063 1503 nota
1090 1463 1218 1511 erat,
1246 1461 1386 1503 unde
1413 1461 1631 1515 angulus
1658 1460 2027 1514 parallacticus
2054 1460 2255 1503 ratione
2282 1460 2351 1502 in-

155 1533 321 1577 veniri
351 1535 574 1587 poterat.
605 1532 727 1583 Jam
759 1532 1022 1586 trianguli,
1058 1531 1201 1585 quod
1234 1531 1536 1574 efficiebant
1568 1532 1720 1585 polus
1754 1542 1815 1573 ac
1849 1532 1997 1573 locus
2030 1531 2162 1573 Solis
2194 1542 2349 1572 verus

155 1606 409 1658 locusque
443 1615 721 1658 apparens,
755 1603 860 1645 duo
894 1603 1061 1645 latera
1093 1614 1334 1656 unusque
1368 1603 1586 1656 angulus
1619 1605 1744 1644 nota
1778 1605 1940 1652 erant,
1971 1602 2109 1643 unde
2138 1601 2349 1643 tertium

155 1677 293 1718 latus
323 1675 433 1718 sive
463 1674 710 1717 distantia
740 1674 970 1717 duorum
1001 1675 1244 1717 locorum
1274 1673 1493 1716 inveniri
1521 1675 1742 1727 poterat.
1776 1673 1832 1713 In
1862 1672 1941 1714 his
1976 1671 2351 1724 quaestionibus

156 1745 484 1790 instituendis
503 1757 691 1788 veram
717 1745 1126 1788 declinationem
1153 1757 1275 1788 eam
1297 1756 1412 1787 esse
1434 1744 1784 1794 existimabat,
1808 1755 1968 1796 quam
1989 1743 2040 1784 in
2061 1742 2350 1784 meridiano

158 1817 564 1868 observavisset‚
597 1828 722 1859 cum
751 1828 874 1859 eam
903 1816 955 1858 in
985 1816 1221 1867 solstitio,
1255 1816 1466 1870 quando
1498 1815 1716 1858 altitudo
1747 1817 1859 1856 erat
1889 1815 2006 1864 5750,
2038 1813 2351 1855 refractione

158 1889 300 1932 affici
325 1900 433 1931 non
457 1891 681 1942 putaret.
706 1887 841 1939 Quin
868 1887 1206 1930 existimabat
1232 1887 1409 1938 etiam,
1433 1898 1555 1929 eam
1575 1887 1688 1941 jam
1709 1886 1760 1927 in
1781 1885 2048 1927 altitudine
2068 1884 2148 1925 45⁰
2172 1884 2353 1925 instru-

158 1960 348 2003 mentis
369 1959 475 2002 suis
497 1958 747 2014 cognosci
767 1970 873 2001 non
893 1969 1066 2013 posse,
1085 1970 1413 2012 quamquam
1427 1970 1483 2000 re
1498 1969 1626 1999 vera
1641 1957 1692 1999 in
1706 1957 1807 1998 hac
1826 1955 2091 2003 altitudine
2108 1954 2351 1996 refractio

159 2031 334 2075 media
362 2033 441 2073 est
466 2029 575 2082 58⁴³,
597 2030 670 2072 ita
690 2033 761 2082 ut,
785 2029 828 2072 si
848 2041 933 2072 res
947 2030 1086 2085 juste
1107 2030 1418 2081 aestimatur,
1442 2041 1564 2071 eam
1584 2028 1719 2070 intra
1740 2027 1871 2070 fines
1892 2038 2078 2069 eorum
2099 2037 2212 2067 esse
2235 2037 2353 2068 con-

157 2103 415 2145 fitendum
431 2101 510 2152 sit,
529 2113 648 2155 quae
665 2100 1124 2144 observationibus
1146 2100 1416 2155 diligenter
1435 2100 1632 2142 iteratis
1654 2109 1973 2153 cognoscere
1994 2096 2233 2151 potuerit.
2253 2096 2352 2138 Sed

158 2174 230 2216 ita
251 2185 307 2216 se
327 2185 412 2216 res
432 2172 608 2223 habet,
626 2175 683 2214 ut
701 2172 863 2229 (quod
883 2172 1019 2215 infra
1033 2171 1350 2228 videbimus)
1364 2170 1741 2214 Ptolemaicam
1757 2169 1889 2212 Solis
1910 2167 2201 2222 parallaxin
2220 2166 2354 2209 hori-

158 2245 426 2288 zontalem
445 2243 628 2297 Tycho
658 2243 915 2297 receperit
935 2243 1002 2293 3¹,
1026 2254 1189 2296 quare
1215 2242 1267 2285 in
1296 2242 1564 2284 altitudine
1586 2241 1666 2283 450
1686 2239 1970 2294 parallaxis
1991 2237 2355 2281 aestimabatur

159 2316 262 2367 2‘.1,
285 2326 405 2369 quae
432 2314 736 2357 refractioni
762 2314 1030 2357 contraria
1057 2316 1184 2357 erat.
1209 2313 1391 2366 Itaque
1412 2313 1464 2355 in
1483 2311 1665 2354 tabula
1687 2312 1796 2366 ejus
1817 2310 2195 2353 refractionum
2215 2308 2354 2350 Sola-

159 2386 297 2429 rium
326 2385 532 2429 numeri
562 2385 831 2428 minuendi
860 2388 980 2428 sunt
1010 2385 1060 2428 3‘
1077 2393 1118 2421 ><
1136 2384 1298 2427 cosin.
1323 2383 1621 2426 altitudinis.
1650 2382 1988 2436 Perspicuum
2018 2383 2196 2422 autem
2227 2381 2353 2428 erat,

161 2458 434 2501 stellarum
460 2456 805 2499 refractiones
826 2468 951 2499 cum
971 2456 1047 2507 iis,
1071 2468 1203 2509 quas
1224 2467 1253 2498 e
1273 2455 1392 2498 Sole
1413 2454 1706 2508 reperisset,
1729 2464 1835 2495 non
1856 2462 2163 2505 congruere;
2194 2461 2354 2503 quare

161 2529 372 2571 illarum
391 2528 716 2582 peculiarem
735 2527 976 2570 tabulam
989 2527 1172 2581 Tycho
1187 2526 1406 2580 praebet,
1423 2525 1475 2568 in
1490 2537 1594 2579 qua
1608 2523 1814 2567 numeri
1828 2523 1856 2565 4
1868 2526 1878 2542 ¹
1893 2522 1986 2565 30¹‘
1999 2522 2068 2577 (in
2082 2521 2353 2564 horizonte

160 2603 342 2642 tamen
361 2598 509 2655 4‘0‘¹)
536 2598 768 2641 minores
795 2601 915 2641 sunt
941 2598 1053 2650 illis,
1077 2609 1210 2651 quos
1236 2597 1440 2652 praebet
1465 2596 1646 2639 tabula
1673 2594 2050 2637 refractionum
2077 2591 2351 2634 Solarium.

163 2671 345 2724 Itaque
373 2670 426 2712 in
456 2669 724 2712 altitudine
753 2669 834 2711 20⁰
855 2670 1056 2712 nullam
1086 2669 1358 2711 stellarum
1388 2667 1761 2710 refractionem
1792 2664 1945 2707 affert
1964 2664 2002 2705 T
2004 2663 2160 2717 ycho‚
2184 2661 2279 2704 etsi
2299 2672 2354 2702 re

162 2753 290 2784 vera
311 2744 390 2784 est
409 2741 436 2783 2
450 2743 460 2759 ¹
474 2740 582 2783 37¹⁴.
600 2740 1072 2783 Observationibus
1093 2740 1366 2783 stellarum
1380 2738 1626 2787 fixarum,
1649 2748 1780 2790 quas
1797 2746 1935 2778 anno
1955 2733 2220 2789 praecipue
2245 2731 2355 2774 1589

162 2812 266 2855 hoc
288 2812 507 2855 consilio
528 2811 838 2863 instituerat,
862 2811 1106 2865 quamvis
1128 2811 1309 2853 multae
1330 2813 1519 2860 essent,
1542 2820 1648 2851 non
1669 2807 1795 2850 satis
1816 2818 1938 2849 eum
1958 2817 2113 2847 usum
2135 2814 2248 2845 esse
2271 2814 2355 2856 ap-

163 2885 328 2937 paret.
346 2882 398 2925 Si
418 2894 605 2925 omnes
626 2882 1025 2925 observationes
1046 2882 1318 2924 stellarum
1340 2878 1823 2933 circumpolarium‚
1842 2888 1972 2930 quas
1992 2875 2043 2917 in
2065 2874 2353 2917 meridiano

164 2953 473 3005 instituerat,
497 2953 806 3008 collegisset,
828 2953 916 2995 vix
937 2964 1061 2995 eum
1081 2953 1332 3003 latuisset,
1354 2950 1698 2993 refractiones
1719 2949 1991 2991 stellarum
2011 2946 2063 2988 in
2083 2943 2354 2987 altitudini-

165 3025 263 3067 bus
277 3024 358 3066 20ο
374 3025 601 3066 multum
622 3023 997 3066 excedentibus
1017 3022 1377 3065 instrumentis
1398 3021 1504 3064 suis
1521 3019 1768 3074 cognosci
1781 3029 1951 3072 posse.
1972 3015 2353 3060 Refractionem

166 3096 209 3138 si
234 3095 469 3138 efficeret
495 3094 791 3137 differentia
818 3093 1164 3148 spissitudinis
1192 3093 1327 3135 aeris
1356 3095 1512 3145 atque
1539 3090 1750 3134 aetheris
1778 3087 1990 3138 externi,
2015 3087 2100 3140 qui
2127 3084 2353 3138 spatium

166 3166 284 3209 caeli
304 3166 552 3220 expleret,
567 3165 618 3207 in
637 3165 817 3208 Zenith
839 3165 1057 3207 demum
1078 3164 1316 3206 desinere
1338 3166 1581 3216 oportere
1602 3160 1728 3203 satis
1747 3160 2101 3214 perspexerat,
2118 3156 2209 3198 sed
2231 3166 2353 3197 cum

165 3236 218 3279 in
239 3236 596 3279 altitudinibus
615 3237 766 3290 longe
787 3235 1119 3278 inferioribus
1140 3246 1261 3277 eam
1283 3233 1519 3276 desinere
1539 3231 1794 3285 reperisse
1816 3228 1912 3271 sibi
1931 3228 2208 3275 videretur,
2224 3235 2353 3278 prae-

167 3307 350 3361 cipuas
379 3307 490 3362 ejus
520 3317 711 3350 causas
741 3305 1078 3349 existimabat
1107 3316 1223 3347 esse
1249 3315 1496 3358 vapores;
1529 3302 1625 3345 etsi
1651 3304 1846 3351 aerem,
1871 3309 1973 3362 quo
2004 3296 2169 3350 magis
2195 3305 2352 3347 supra

165 3381 366 3420 terram
386 3378 696 3426 elevaretur,
713 3388 777 3419 eo
797 3376 1092 3419 tenuiorem
1112 3375 1226 3418 fieri
1246 3373 1587 3417 concedebat.
1600 3372 1845 3414 Veterem
1861 3368 2174 3422 opinionem,
2193 3375 2352 3417 quam
