2678 4069
162 1942 207 1977 20

161 2335 206 2370 25

160 3094 206 3129 35

994 308 1106 359 DE
1134 310 1375 361 NOVA
1402 311 1718 365 STELLA

1100 450 1300 518 Digiti
1316 453 1618 520 Ecliptici.

1144 544 1274 610 Dig.
1451 549 1536 600 M.

1179 617 1235 667 19
1451 619 1535 671 23.

674 731 770 783 De
793 734 1071 798 tempore
1090 731 1447 788 incidentiae
1470 738 1739 790 &morae
1762 739 2044 794 dimidiae.

506 873 795 938 Scrupula
814 889 972 926 verae
992 874 1236 927 latitudi.
1261 876 1446 929 Lunae

505 946 901 1010 Aggregatum
920 945 1297 998 semidiamet.

506 1015 857 1068 Differentia
876 1016 1254 1069 semidiamet.

506 1087 795 1152 Scrupula
815 1088 1148 1140 incidentiae
1171 1088 1222 1140 8(
1242 1105 1427 1142 morae
1449 1092 1705 1144 dimidiae
1726 1093 1908 1146 fimul.
1982 1096 2047 1148 63

507 1159 796 1223 Scrupula
815 1174 1002 1211 morae
1024 1160 1283 1212 dimidiae

507 1229 647 1283 Sola
666 1230 937 1296 scrupula
957 1231 1291 1283 incidentiae

508 1301 712 1353 Motus
734 1302 922 1354 Lunae
942 1302 1217 1355 horarius
1238 1319 1412 1355 verus

505 1444 766 1510 Tempus
786 1445 1120 1497 incidentiae
1142 1445 1194 1497 8(
1213 1461 1399 1498 morae
1420 1447 1570 1499 med.
1592 1447 1760 1500 fimul

506 1516 766 1581 Tempus
786 1532 973 1569 morae
994 1517 1253 1569 dimidiae

505 1587 766 1653 Tempus
787 1588 1120 1640 incidentiae

1972 813 2057 865 M.

2015 884 2047 936 8

1978 954 2044 1006 63

1977 1025 2045 1077 29

1979 1167 2047 1219 28

1979 1238 2047 1289 34

1979 1308 2047 1360 32

1857 1379 1935 1430 H.
1976 1380 2060 1431 M.

1886 1451 1906 1500 1
1978 1451 2046 1502 55

1874 1521 1907 1571 Ο
1979 1522 2035 1573 51

1887 1592 1906 1642 l
2015 1593 2048 1642 4

2139 814 2176 866 S

2397 320 2453 371 51

2133 855 2204 936 14.
2235 885 2451 938 boreal.

2131 956 2203 1007 41.

2132 1027 2203 1077 21.

2157 1099 2205 1149 7.

2155 1169 2203 1220 9.

2120 1239 2204 1291 58.

2120 1310 2203 1361 42.

2136 1380 2189 1432 s,

2120 1452 2203 1503 48.

2120 1522 2204 1574 39.

2156 1594 2204 1644 9·
2221 1589 2241 1660 ΙΙ

542 1695 665 1747 Pro
684 1694 1011 1748 latitudine
1030 1696 1230 1747 Lunae
1251 1695 1334 1747 ad
1349 1693 1607 1762 Eclipsis
1626 1695 1869 1748 initium
1892 1698 1954 1750 ἄν
1967 1698 2168 1751 finem.

857 1790 1037 1843 Mora
1057 1791 1301 1913 diffiidia
1319 1790 1492 1855 supra
1512 1793 1755 1843 inuenta
1776 1792 1864 1851 est.

1142 1934 1162 1984 1

1297 1861 1383 1913 Μ.
1538 1862 1591 1914 S.

1307 1934 1375 1985 55
1522 1933 1606 1985 48.

308 2015 469 2068 Huic
489 2015 837 2080 respondent
857 2019 1021 2068 iuxta
1041 2016 1848 2140 verllxidm4motugn5ljiiorarium
1869 2016 2034 2078 Solis,
2057 2020 2158 2081 qui
2177 2024 2314 2069 tunc
2335 2018 2408 2070 est

538 2169 651 2222 Sed
673 2169 724 2221 &
744 2169 1016 2235 scrupula
1035 2171 1368 2294 incffieggiae
1390 2170 1442 2222 8(
1461 2186 1647 2294 tanlrae
1669 2171 1927 2223 dimidiae
1947 2171 2181 2223 fuerunt

513 2324 602 2376 Est
622 2327 820 2389 itaque
841 2340 1016 2377 verus
1035 2332 1231 2377 motus
1251 2325 1573 2377 latitudinis
1594 2325 1781 2377 Lunae
1803 2326 1878 2377 ad
1899 2325 2201 2377 dimidiam

1047 2397 1421 2449 durationem
1442 2396 1676 2461 Eclipfis

641 2622 832 2674 Verus
851 2628 1047 2674 motus
1067 2622 1392 2674 latitudinis
1413 2624 1452 2684 (ζ
1476 2622 1551 2674 ad
1572 2623 1806 2672 initium
1827 2620 2076 2685 Eclipfis.

1146 2468 1204 2520 P.

1166 2540 1187 2590 l

1310 2468 1395 2519 M.
1505 2467 1559 2520 S.

1333 2539 1367 2591 8
1511 2540 1547 2590 1.

969 2693 1122 2746 Dod.
1163 2693 1288 2746 Par.
1377 2693 1463 2744 M.
1618 2692 1656 2744 S

1030 2765 1063 2816 9

1208 2765 1243 2816 ο
1386 2764 1456 2816 26
1600 2733 1685 2815 32'.

665 2847 856 2899 Verus
875 2854 1071 2900 motus
1091 2847 1415 2900 latitudinis
1437 2848 1477 2909 (ζ
1501 2847 1576 2899 ad
1596 2846 1778 2898 finem
1799 2845 2047 2910 Eelipfis.

1028 2919 1062 2971 9

1207 2919 1241 2970 2
1386 2918 1455 2969 42
1599 2917 1684 2969 34.

801 3001 957 3054 Vera
977 3002 1224 3124 laffiudo
1247 3003 1286 3063 ζ(
1311 3001 1386 3053 ad
1406 3003 1640 3052 initium
1661 2999 1910 3064 Eclipfis

1061 3144 1095 3195 2

1241 3072 1312 3195 189..
1390 3142 1668 3194 BorealiS.

753 3226 909 3279 Vera
931 3226 1177 3279 latitudo
1199 3227 1386 3278 Lunae
1408 3225 1483 3277 ad
1503 3224 1684 3277 finem
1706 3223 1954 3289 EclipES.

1025 3297 1111 3349 M.

1037 3368 1094 3419 14

1238 3297 1310 3419 180..
1387 3365 1665 3418 BoreaIiS.

2252 3433 2444 3494 Atque
