2678 4069
250 92 339 142 164
658 84 769 134 DE
797 79 1311 132 DISCIPLINIS
1338 77 2016 129 MATHEMATICIS

249 245 374 281 mas
396 226 829 289 superstitiones
852 227 905 271 et
925 220 1135 271 abusus
1155 222 1217 270 in
1238 220 1391 270 hanc
1413 225 1597 269 artem
1619 220 1720 268 esse
1741 217 2114 277 introducto&
2137 218 2237 269 sed
2251 218 2309 268 id
2325 220 2433 269 arti

249 301 487 351 minime
502 297 641 345 vitio
656 295 800 343 verti
815 292 997 342 debet.
1020 291 1106 341 Ita
1120 293 1279 341 enim
1293 296 1698 353 comparatum
1717 289 1806 348 est,
1827 294 1891 339 ut
1908 304 2027 352 quo
2043 288 2432 347 excellentior,

251 385 366 432 quo
387 366 682 417 sublimior
702 363 902 425 aliqua
921 361 983 411 fit
1002 361 1252 420 scientia,
1275 376 1345 411 eo
1366 360 1593 411 facilius
1613 361 1675 410 in
1696 358 1942 410 abusum
1962 359 2252 409 deueniat.
2275 358 2433 420 Quid

249 444 374 503 ipsa
393 435 715 497 Theologia
734 430 1141 496 praestantius?
1169 431 1308 494 quid
1335 429 1630 482 diuinius?
1658 445 1792 480 cum
1818 435 2017 480 tamen
2036 428 2165 480 haec
2185 431 2313 492 ipsa
2332 444 2435 492 per

249 510 569 560 maximam
590 503 743 554 orbis
763 509 988 566 partem
1002 502 1138 552 inde
1154 501 1226 552 ab
1241 503 1407 552 initio
1421 501 1598 564 plena
1613 502 2107 563 superstitionum,
2129 499 2434 558 abusuum,

251 586 303 629 et
331 576 637 628 haerefium
669 574 854 624 fuerit.
878 568 898 639 ΙΙ
920 573 1198 635 Idemque
1228 574 1290 622 in
1321 572 1450 636 alijs
1477 570 1847 622 facultatibus
1867 570 2169 621 Medicina
2189 578 2243 620 et
2257 570 2434 631 Juris-

248 648 555 713 prudentia
576 646 920 707 coeterisque
940 642 1276 694 liberalibus
1298 644 1582 706 exercitijs
1605 641 1785 704 (quod
1807 640 2149 702 dolendum)
2171 640 2434 691 animad-

249 725 473 770 uertere
505 716 656 766 licet:
692 730 826 765 cum
855 713 1020 764 nulla
1049 713 1263 764 harum
1292 713 1370 772 fit,
1405 715 1549 776 quin
1577 712 1806 763 mendis
1834 717 1889 762 et
1914 711 2185 762 abusibus
2213 711 2276 761 fit
2304 711 2436 774 plus

251 804 428 853 quam
448 787 578 837 satis
599 787 1010 836 contaminata.
1035 784 1424 835 Committunt
1445 785 1621 834 etiam
1641 785 1751 846 ipsi
1770 781 2056 846 Astrologi
2074 784 2138 832 in
2156 781 2271 832 suis
2290 796 2436 844 prae-

251 857 594 911 dictionibus
620 855 806 906 multa
831 870 1240 918 saepenumero
1269 860 1473 914 errata,
1503 869 1637 917 quae
1663 853 1936 916 ipsorum,
1963 868 2086 903 non
2107 854 2245 903 artis
2266 852 2439 916 culpa

251 931 603 992 contingunt.
635 927 790 977 Vitia
819 928 976 976 enim
1003 932 1056 976 et
1084 924 1291 977 delicta
1316 924 1606 976 artificum
1632 926 1741 975 arti
1767 926 1878 987 ipsi
1902 925 2180 986 imputari
2205 925 2438 986 proprie

250 1016 371 1051 non
393 998 617 1057 debent,
640 1012 891 1060 cumque
913 995 1255 1047 difficillima
1277 995 1340 1046 fit
1359 995 1708 1059 Astrologiae
1731 996 1998 1058 cognitiO,
2022 1001 2075 1045 et
2094 994 2440 1057 paucissimis

251 1072 467 1128 datum,
488 1069 726 1119 summis
746 1067 922 1119 labris
942 1069 1133 1130 prima
1154 1069 1279 1131 ejus
1295 1067 1536 1117 exordia
1549 1065 1861 1129 degustare,
1882 1065 2104 1115 nedum
2117 1064 2441 1128 penetralia

251 1140 634 1203 introspicere,
661 1141 835 1189 venia
856 1138 1051 1189 danda
1072 1140 1192 1197 erit,
1220 1137 1260 1187 fi
1284 1136 1605 1200 aliquando
1627 1138 1940 1200 contigerit,
1968 1135 2146 1186 huius
2167 1137 2304 1186 artis
2325 1141 2439 1186 stu-

253 1211 475 1263 diosum
505 1226 541 1261 a
569 1225 746 1273 scopo
776 1209 1063 1267 aberrare,
1095 1224 1203 1259 nec
1237 1223 1397 1258 error
1427 1207 1524 1258 ille
1557 1209 1619 1257 in
1651 1209 1789 1258 artis
1820 1208 2207 1271 ignominiam
2236 1205 2438 1256 cedere

252 1285 457 1333 merito
479 1280 660 1331 debet.

324 1352 507 1403 Restat
526 1357 590 1402 ut
609 1351 683 1402 ad
704 1350 761 1401 id
783 1349 1252 1413 respondeamuS,
1281 1349 1439 1412 quod
1459 1348 1771 1413 aduersarij
1796 1348 2035 1399 tandem
2054 1347 2327 1406 inferunt,
2354 1349 2439 1397 in-

252 1424 450 1474 vtilem
472 1424 572 1473 esse
595 1422 876 1473 astrorum
895 1420 1332 1484 praescientiam,
1355 1435 1426 1470 eo
1448 1420 1622 1483 quod,
1644 1419 1762 1470 11116
1781 1419 1955 1479 bona,
1978 1418 2095 1469 fiue
2115 1418 2276 1469 mala
2294 1433 2440 1481 prae-

255 1495 501 1545 dixerint
515 1492 824 1556 Astrologi,
845 1499 1055 1542 neutra
1074 1491 1337 1555 praescire
1359 1491 1642 1554 expediat.
1666 1490 1729 1540 Id
1750 1490 1989 1553 quidem
2008 1492 2089 1540 ita
2108 1489 2163 1540 se
2183 1488 2439 1549 haberet,

254 1565 294 1615 fi
319 1565 625 1615 necessario
652 1565 1042 1626 reciperemus
1069 1569 1360 1613 astrorum
1385 1561 1771 1620 influentiam,
1804 1576 2054 1623 eamque
2081 1576 2205 1611 non
2230 1562 2440 1610 immu-

254 1643 375 1686 tare
395 1635 488 1685 vel
509 1637 791 1697 corrigere
811 1633 1021 1684 liceret.
1045 1633 1221 1695 Quod
1243 1648 1378 1683 cum
1397 1635 1478 1683 ita
1491 1648 1613 1682 non
1627 1632 1705 1691 fit,
1726 1647 1834 1682 nec
1849 1647 1885 1682 a
1899 1647 2203 1695 quoquam
2216 1630 2442 1682 saniore

255 1705 564 1769 Astrologo
591 1704 901 1768 prolatum,
929 1719 1051 1754 non
1077 1703 1264 1754 solum
1290 1719 1412 1753 non
1438 1703 1638 1753 invtile
1666 1709 1765 1762 est,
1793 1703 1894 1753 sed
1914 1704 2170 1753 maxime
2196 1701 2442 1765 expedit,

255 1776 653 1839 impendentia
684 1782 976 1826 astrorum
1008 1774 1237 1825 decreta
1268 1773 1548 1837 praescire,
1581 1780 1641 1824 vt
1672 1773 1712 1823 fi
1742 1773 1901 1824 bona
1932 1773 2163 1832 fuerint,
2202 1788 2326 1823 non
2357 1774 2442 1822 in-

256 1847 456 1898 solenti
471 1848 671 1897 animo
686 1848 1053 1909 inopinatam
1066 1845 1398 1896 felicitatem
1413 1844 1885 1908 excipiamuS,s1n
1897 1844 2073 1903 mala,
2087 1850 2221 1895 ante
2238 1858 2445 1894 eorum

258 1918 579 1969 aduentum
598 1932 707 1967 nos
727 1919 1099 1980 praemunire‚
1122 1932 1190 1967 ac
1209 1931 1280 1967 ea
1293 1931 1628 1979 praecauere
1643 1916 1929 1979 possimuS.
1951 1915 2102 1966 Vere
2117 1917 2288 1979 igitur
2303 1914 2444 1965 dixit

258 1995 426 2039 autor
448 1987 821 2051 Centiloquij‚
848 1987 1006 2050 quod
1027 1986 1349 2038 Ptolomaeo
1371 1986 1720 2037 attribuitur:
1748 1982 1958 2049 Potest,
1982 1984 2087 2050 qui
2097 1984 2309 2050 sciens
2329 1987 2442 2045 est,

257 2060 485 2110 multos
507 2061 818 2110 astrorum
841 2054 1097 2110 effectus
1118 2056 1450 2123 corrigere,
1466 2055 1657 2122 seque
1679 2059 1824 2108 ante
1843 2056 2089 2108 illorum
2109 2057 2444 2107 aduentum

255 2143 632 2195 praeparare.
668 2129 818 2179 Haec
848 2128 961 2179 ille.
997 2128 1369 2192 Quapropter
1399 2130 1576 2179 etiam
1608 2128 1845 2191 plurimi
1877 2130 2211 2191 ignorantes
2242 2126 2342 2178 fibi
2371 2125 2445 2178 ab

260 2203 424 2250 astris
439 2200 836 2263 impendentia
849 2199 1191 2250 naturaliter
1204 2199 1339 2259 fata,
1355 2214 1478 2249 non
1491 2198 1679 2249 solum
1695 2214 1765 2249 ea
1779 2205 2039 2249 avertere
2054 2197 2329 2257 nesciunt,
2346 2197 2446 2248 sed

260 2273 396 2321 caeci
418 2273 479 2320 in
502 2270 603 2321 sua
626 2276 803 2321 ruunt
826 2269 1161 2329 infortunia,
1193 2276 1247 2321 et
1269 2276 1562 2321 astrorum
1587 2269 1949 2320 maleuolam
1971 2268 2447 2333 significationem

259 2343 449 2403 potius
470 2341 774 2405 adaugent,
799 2356 979 2404 quam
1000 2341 1158 2404 quod
1180 2356 1312 2392 eam
1332 2343 1613 2404 mitigare,
1635 2340 1734 2391 uel
1753 2342 1984 2403 penitus
2000 2342 2216 2391 evitare
2233 2341 2444 2390 norint.

261 2412 327 2461 In
347 2411 628 2474 prosperis
645 2427 788 2462 uero
805 2418 858 2462 et
873 2427 944 2462 ex
958 2418 1095 2462 voto
1113 2411 1548 2462 succedentibus
1563 2411 1752 2471 rebuS,
1775 2427 1910 2462 cum
1925 2427 1996 2462 ex
2010 2412 2315 2474 inopinato
2330 2410 2447 2460 fine

262 2482 383 2532 ulla
407 2482 746 2545 praevifione
773 2482 885 2532 illis
913 2485 1264 2546 contingant,
1292 2489 1455 2533 tanta
1480 2484 1664 2533 animi
1691 2481 1997 2533 insolentia
2021 2480 2358 2540 efferuntur,
2386 2487 2449 2531 ut

262 2552 659 2614 saepenumero
681 2552 754 2603 ob
775 2553 833 2603 id
852 2555 980 2616 ipsa
1000 2568 1125 2604 sors
1144 2552 1398 2617 benigna
1419 2568 1490 2603 ex
1512 2552 1828 2615 improuiso
1855 2552 1969 2603 illis
1996 2552 2280 2612 alludenS‚
2307 2567 2448 2602 mox

263 2622 618 2685 inauspicata
637 2623 923 2674 reddatur.
946 2624 1157 2687 Neque
1180 2626 1338 2674 enim
1358 2623 1571 2674 frustra
1591 2623 1662 2674 fic
1684 2625 1888 2674 cecinit
1909 2623 2109 2674 Maro:

614 2726 834 2792 Nescia
853 2744 1034 2781 mens
1054 2728 1372 2781 hominum
1394 2728 1512 2781 fati
1521 2727 1832 2794 sortisque
1853 2728 2098 2790 futurae,

613 2799 695 2849 Et
704 2798 961 2863 seruare
980 2801 1244 2861 modum,
1266 2799 1456 2852 rebus
1477 2801 1641 2852 elata
1653 2798 1964 2865 secundis.

265 2904 342 2953 At
369 2905 542 2953 nimis
568 2903 781 2954 friuola
805 2904 933 2955 sunt
956 2904 1100 2964 haec,
1129 2921 1263 2968 quae
1285 2920 1321 2956 a
1341 2905 1693 2968 quibusdam
1712 2904 2189 2969 philosophastris
2209 2907 2271 2955 in
2292 2903 2451 2955 hunc

265 2974 508 3024 modum
523 2974 905 3034 adducuntur,
923 2975 972 3025 &
988 2976 1287 3027 Medicina
1302 2976 1553 3039 aliaeque
1568 2976 1817 3041 phyficae
1833 2983 2000 3035 arteS,
2019 2979 2264 3039 ipsaque
2281 2974 2450 3026 OEco-

266 3046 483 3103 nomia,
500 3051 553 3094 et
567 3045 951 3108 Agricultura,
974 3047 1203 3108 Arsque
1219 3049 1455 3097 nautica
1477 3047 1560 3109 (ut
1576 3047 1646 3097 de
1661 3047 1924 3110 pluribus
1942 3062 2065 3097 non
2080 3045 2292 3108 dicam)
2315 3061 2449 3096 con-

266 3117 508 3164 trarium
529 3115 844 3166 ostendunt.
869 3116 935 3165 In
950 3116 1249 3167 Medicina
1269 3124 1436 3177 certe,
1457 3117 1497 3167 fi
1517 3117 1706 3167 morbi
1727 3124 1940 3168 natura
1960 3124 2014 3168 et
2031 3116 2294 3180 specifica
2309 3131 2449 3179 qua-

2302 3187 2449 3246 litaS,

2492 861 2533 896 10

2493 1215 2534 1249 15

2491 1568 2536 1602 20

2497 2277 2542 2311 30

2499 2630 2544 2664 35

2500 3054 2545 3088 40
