2678 4069
263 162 449 215 XVIII
803 147 1465 204 PROLEGOMENA
1492 143 1893 197 EDITORIS

262 303 388 342 Item
405 296 541 339 ahud
556 292 820 347 quoddam
835 290 902 331 ad
917 287 1133 331 solstitia
1149 283 1460 335 definienda,
1474 283 1616 337 quod
1628 294 1693 325 ex
1704 282 1901 325 circulo
1917 281 1986 324 ad
2000 280 2433 335 perpendiculum

262 370 454 411 directo
477 363 765 409 constabat,
786 361 921 401 intra
942 369 1098 411 quem
1119 356 1249 398 alius
1270 354 1495 397 circulus
1517 353 1784 406 aliquanto
1805 352 1978 395 minor
1996 351 2049 393 in
2069 352 2261 395 eodem
2274 352 2433 405 plano

260 434 596 480 circumvolvi
622 433 846 486 poterat;
874 428 958 470 hic
979 438 1106 469 vero
1134 427 1265 468 duas
1293 425 1527 478 dioptras
1552 423 1687 465 inter
1711 433 1768 465 se
1791 423 1946 476 plane
1967 422 2237 476 oppositas
2263 425 2436 476 porta-

259 509 360 557 bat,
390 506 460 546 ita
489 507 559 554 ut,
590 502 631 544 si
660 501 849 543 umbra
878 497 1088 541 alterius
1117 496 1168 537 in
1198 497 1420 538 alteram
1449 493 1678 543 caderet,
1709 493 1842 535 Solis
1874 492 2094 535 altitudo
2122 503 2150 535 e
2178 492 2432 535 divisione

257 576 432 619 circuli
458 571 726 616 exterioris
753 570 856 624 peti
882 567 1094 623 posset.l
1120 567 1193 608 Ex
1219 565 1299 607 his
1318 564 1676 607 instrumentis
1697 562 2021 617 simplicibus
2042 562 2195 606 facile
2216 563 2433 617 procedi

255 648 457 700 poterat
477 644 544 685 ad
564 642 881 685 circulorum
902 636 1252 691 complurium
1272 637 1579 688 systemata,
1608 633 1795 687 quibus
1821 633 1874 675 in
1895 633 2127 688 qualibet
2148 633 2264 676 caeli
2284 636 2433 687 parte

254 717 415 758 stellae
436 712 703 757 observari
723 712 978 765 poterant.
1002 706 1317 762 HuJusmodi
1330 705 1752 755 instrumentum,
1775 705 1917 758 quod
1931 705 2244 747 Ptolemaeus
2258 705 2433 747 Astro-

253 787 408 828 labon
418 783 446 835 2,
467 784 505 825 T
506 783 646 836 ycho
661 793 787 824 vero
802 778 1045 822 Armillas
1059 777 1364 820 Zodiacales
1379 775 1695 830 appellabat,
1717 775 1760 818 si
1773 775 2006 829 speciem
2026 774 2433 829 implicatiorem

252 868 361 910 prae
387 867 442 897 se
469 854 683 903 ferebat,
712 863 777 894 ex
803 862 896 893 sex
919 848 1125 892 circulis
1147 847 1439 898 constabat,
1469 858 1695 900 quorum
1717 849 2000 896 extremus,
2031 845 2117 899 qui
2138 844 2432 888 meridiano

251 924 613 979 respondebat,
635 923 686 964 in
706 921 949 964 interiore
970 919 1189 962 circuitu
1210 918 1343 961 duos
1364 916 1605 960 cardines
1620 916 1881 970 portabat,
1905 916 1992 970 qui
2006 916 2140 970 polis
2153 916 2434 970 responde—

251 997 389 1046 bant,
424 994 563 1037 circa
595 1004 725 1046 quos
756 991 980 1034 circulus
1010 991 1167 1044 paulo
1197 988 1385 1039 minor,
1420 988 1631 1031 colurus
1663 987 1962 1038 solstitialis,
1996 987 2330 1039 movebatur,
2365 987 2434 1029 ad

251 1078 405 1119 quem
430 1063 610 1106 tertius
637 1063 861 1105 circulus
886 1061 1122 1116 ejusdem
1148 1058 1532 1113 magnitudinis,
1563 1057 1649 1111 qui
1670 1057 1936 1112 Eclipticae
1962 1057 2333 1111 respondebat,
2360 1057 2432 1100 ita

250 1136 438 1178 affixus
465 1137 591 1185 erat,
618 1137 674 1175 ut
700 1133 915 1187 angulos
941 1134 1115 1174 rectos
1145 1142 1330 1174 eorum
1357 1131 1514 1183 plana
1541 1128 1827 1171 efficerent.
1857 1128 2078 1172 Colurus
2098 1131 2277 1171 autem
2298 1129 2432 1172 duos

249 1206 485 1248 cardines
506 1204 765 1258 portabat,
787 1202 1052 1257 Eclipticae
1072 1201 1204 1256 polis
1224 1200 1618 1255 respondentes,
1641 1199 1784 1242 circa
1805 1210 1938 1253 quos
1958 1198 2311 1242 movebantur
2325 1199 2430 1242 duo

248 1276 441 1326 circuli,
469 1276 599 1317 alter
625 1275 806 1317 coluro
833 1273 1019 1328 maj0r,
1048 1273 1179 1315 alter
1205 1271 1399 1322 min0r;
1427 1270 1513 1313 hic
1541 1270 1766 1324 denique
1792 1274 2001 1313 sextum
2027 1269 2284 1313 circulum
2311 1281 2432 1314 con-

245 1346 456 1397 tinebat,
486 1345 572 1399 qui
597 1345 732 1387 intra
759 1356 881 1387 eum
906 1344 958 1386 in
984 1343 1174 1387 eodem
1196 1343 1354 1397 plano
1376 1341 1722 1384 circumvolvi
1742 1344 1950 1396 poterat
1970 1344 2020 1383 et
2041 1341 2173 1383 duas
2197 1340 2431 1395 dioptras

245 1418 378 1459 inter
396 1428 452 1459 se
473 1415 741 1470 oppositas
761 1415 1020 1470 portabat.
1048 1415 1256 1457 Poterat
1279 1412 1431 1467 igitur
1456 1412 1560 1456 hoc
1586 1412 1993 1455 instrumentum
2018 1413 2244 1455 duarum
2264 1412 2432 1454 stella-

246 1500 363 1530 rum
382 1486 712 1539 longitudinis
733 1489 784 1529 et
802 1485 1086 1528 latitudinis
1108 1483 1430 1527 differentias
1449 1482 1635 1526 metirL

304 1557 564 1600 Similibus
583 1556 938 1599 instrumentis
957 1556 1038 1598 usi
1051 1558 1201 1598 erant
1215 1554 1431 1606 Arabes,
1455 1565 1587 1608 quos
1601 1553 1711 1596 veri
1731 1553 1899 1596 simile
1916 1556 1995 1596 est
2009 1553 2170 1596 etiam
2184 1552 2431 1595 Armillas

245 1628 586 1682 AEquatorias
611 1629 761 1682 longe
787 1626 1130 1681 simpliciores
1154 1624 1524 1676 construxisse,
1554 1637 1673 1679 quae
1699 1636 1793 1679 per
1813 1623 2298 1667 GEMAL-ED-DIN
2319 1625 2432 1666 Per-

244 1712 360 1742 sam
374 1699 653 1753 Pekingum
670 1709 835 1751 usque
852 1697 995 1740 viam
1015 1698 1336 1751 repererunt,
1357 1695 1446 1738 ubi
1468 1695 1573 1739 duo
1594 1695 1831 1738 maxima
1851 1695 2005 1750 hujus
2026 1695 2228 1749 generis
2248 1694 2431 1737 instru-

245 1773 422 1812 menta
439 1780 577 1812 anno
597 1768 708 1810 1279
722 1768 965 1811 confecta
985 1771 1105 1811 sunt
1125 1770 1175 1810 et
1194 1778 1361 1820 usque
1381 1767 1450 1809 ad
1471 1778 1668 1808 annum
1693 1765 1805 1809 1900
1823 1766 2022 1820 integra
2039 1765 2342 1808 manebant.
2365 1766 2430 1808 At

243 1840 295 1881 in
315 1841 521 1893 Europa
541 1839 665 1881 talia
685 1839 921 1881 nondum
942 1841 1262 1893 cognoverat
1281 1837 1630 1888 WALTHER,
1658 1848 1897 1879 summus
1925 1836 2163 1879 omnium
2185 1836 2431 1879 observa-

243 1914 418 1953 torum
433 1913 552 1952 ante
566 1909 893 1963 Tychonem3
909 1922 1035 1952 nam
1049 1909 1092 1952 is
1105 1908 1334 1951 Armillis
1347 1912 1553 1950 tantum
1569 1907 1935 1951 Zodiacalibus
1949 1908 2209 1950 utebatur.
2232 1907 2431 1961 AEqua-

243 1981 404 2024 torias
430 1992 557 2023 vero
578 1979 822 2022 Armillas
848 1980 1047 2033 primus
1075 1979 1322 2023 describit
1342 1979 1591 2021 GEMMA
1611 1978 1860 2021 FRISIUS
1881 1990 2020 2022 anno
2047 1978 2182 2030 1534;
2212 1978 2305 2021 sed
2328 1978 2431 2021 exi-

244 2063 402 2105 guum
429 2053 540 2093 erat
566 2050 668 2093 hoc
695 2050 1114 2102 instrumentum,
1142 2053 1193 2093 et
1220 2051 1361 2104 quod
1387 2062 1550 2092 manu
1568 2049 1733 2092 teneri
1753 2053 1945 2103 posset.
1974 2049 2227 2092 Veterum
2246 2049 2430 2092 instru-

244 2125 421 2164 menta
443 2133 507 2163 ex
527 2122 740 2164 metallo
761 2120 928 2164 solido
947 2121 1190 2164 confecta
1204 2121 1366 2164 fuisse
1381 2121 1452 2163 ait
1465 2120 1663 2175 Tycho‚
1686 2123 1736 2163 et
1751 2131 1875 2162 cum
1889 2120 2016 2163 satis
2030 2132 2222 2174 magna
2237 2123 2427 2171 essent,

244 2195 299 2234 ut
318 2192 589 2234 intervalla
614 2191 687 2233 lO‘
710 2191 910 2246 signata
930 2192 1200 2244 haberent,
1225 2204 1332 2235 non
1351 2192 1583 2246 potuisse
1602 2203 1709 2234 non
1729 2191 1951 2233 firmiter
1970 2202 2086 2234 esse
2107 2194 2426 2234 constructa.

245 2262 505 2316 Imprimis
524 2274 650 2305 vero
672 2262 1016 2305 memorabile
1037 2266 1129 2314 est,
1154 2263 1446 2316 perfectam
1469 2262 1798 2305 instrumenti
1819 2262 2188 2316 symmetriam
2207 2262 2428 2304 maximi

246 2344 359 2375 esse
379 2333 632 2375 momenti
653 2334 793 2375 clare
814 2344 935 2375 eum
955 2333 1302 2387 perspexisse;
1326 2336 1632 2376 commonet
1652 2333 1808 2384 enim,
1830 2334 1983 2387 polos
1996 2333 2262 2387 Ecliptieae
2279 2333 2429 2376 aliter

246 2403 347 2445 alio
367 2406 604 2456 tempore
625 2404 692 2445 ad
712 2403 1061 2446 meridianum
1083 2405 1372 2447 collocatos
1393 2415 1523 2455 esse,
1547 2416 1651 2458 qua
1671 2415 1727 2446 re
1744 2404 1909 2455 fieret,
1929 2407 1987 2446 ut
1999 2403 2233 2446 Armillae
2248 2404 2429 2447 Zodia-

245 2474 385 2516 cales
405 2473 673 2517 intentioni
693 2474 819 2516 satis
839 2486 1046 2528 magnae
1067 2475 1313 2518 obnoxiae
1334 2474 1542 2517 essent.⁸
1563 2475 1745 2529 Itaque
1766 2475 1868 2518 hoc
1883 2475 2230 2517 instrumento
2244 2474 2427 2528 Tycho

243 2544 508 2587 rarissime
539 2544 797 2596 utebatur,
832 2546 974 2598 quod
1005 2549 1181 2588 cetera
1214 2546 1323 2601 ejus
1353 2546 1701 2588 instrumenta
1733 2557 2026 2599 numquam
2059 2544 2425 2598 aequiperavit3

245 2626 567 2667 quamquam
588 2615 909 2670 Stellaeburgi
937 2627 1145 2670 quoque
1173 2618 1305 2659 tales
1332 2616 1565 2659 armillas
1590 2616 1822 2667 instituit,
1852 2628 1972 2670 quae
1999 2627 2062 2659 eo
2083 2615 2425 2670 praestabant,

244 2685 383 2737 quod
414 2688 659 2738 quattuor
686 2689 890 2728 tantum
920 2686 1127 2729 circulis
1160 2687 1496 2738 constabant;
1531 2687 1681 2730 annis
1710 2698 1838 2730 vero
1870 2685 2248 2741 posterioribus
2280 2699 2427 2728 num-

244 2767 403 2808 quam
428 2756 488 2797 iis
514 2756 770 2798 utebatur.
795 2756 1107 2800 Observatio
1133 2758 1205 2800 ita
1231 2758 1408 2808 fiebat,
1435 2761 1492 2799 ut
1518 2758 1586 2799 ad
1612 2758 1777 2799 stellae
1804 2757 2023 2812 aliquus
2049 2756 2425 2811 longitudinem

242 2829 291 2867 et
310 2826 635 2868 latitudinem
656 2827 890 2881 cognitas
905 2828 1025 2870 duae
1041 2828 1263 2882 dioptrae
1279 2828 1830 2878 accommodarentur,
1854 2839 1958 2881 quo
1974 2827 2117 2870 facto
2133 2831 2184 2869 et
2198 2828 2266 2870 ad
2281 2827 2425 2870 illam

242 2899 292 2937 et
312 2896 379 2937 ad
401 2897 605 2938 Lunam
626 2897 831 2941 aliudve
852 2902 1052 2941 astrum
1072 2899 1477 2941 instrumentum
1499 2899 1836 2953 dirigebatur;
1863 2902 1976 2940 tum
1997 2910 2124 2941 vero
2145 2898 2299 2953 hujus
2318 2899 2427 2941 lon-

241 2965 416 3018 gitudo
438 2970 487 3008 et
506 2967 725 3010 latitudo
745 2969 922 3011 statim
943 2981 971 3012 e
992 2969 1200 3012 circulis
1220 2970 1436 3023 reperiri
1455 2972 1713 3024 poterant.
1738 2969 1805 3011 Iis
1829 2968 2057 3022 quidem,
2082 2969 2168 3022 qui
2187 2968 2425 3023 Tychoni

301 3072 311 3096 ¹
336 3072 435 3107 Ibid.
458 3074 473 3106 Ι
498 3074 538 3107 12
559 3074 612 3117 (p.
627 3075 699 3116 65).

299 3131 314 3155 ²
337 3130 436 3165 Ibid.
458 3131 489 3165 V
515 3133 527 3165 l
553 3132 605 3175 (p.
621 3133 718 3174 351).

299 3189 314 3213 ³
335 3190 524 3224 Mechan.
546 3191 613 3225 fol.
635 3191 684 3230 C;
706 3192 931 3236 Progymn.
957 3194 971 3227 1
994 3205 1029 3237 p.
1050 3194 1114 3228 140
1135 3204 1221 3238 sqq.
