2678 4069
234 163 357 214 LVI
772 148 1446 204 PROLEGOMENA
1473 147 1878 199 EDITORIS

232 294 541 341 recurrentis
572 292 756 335 orbita:
787 290 918 332 Solis
947 289 1074 343 (sive
1103 288 1141 328 T
1145 287 1296 343 errae)
1325 286 1435 340 ipse
1466 286 1722 339 Keplerus
1752 285 2179 339 explanationem
2207 285 2416 328 invenit.

228 370 345 420 Jam
366 368 416 408 in
437 365 565 406 libro
589 373 724 404 anno
751 360 861 402 1596
882 359 1090 408 emisso,
1114 357 1201 410 qui
1220 356 1518 399 inscribitur
1531 355 1595 397 M
1591 355 1856 410 ysten'um
1879 354 2419 409 Cosmographicum,

233 438 327 480 sibi
356 445 665 489 persuasum
695 442 810 473 esse
840 429 1137 482 scripserat,
1170 427 1282 469 fore
1308 430 1365 468 ut
1391 438 1576 469 omnes
1603 428 1830 481 planetae
1857 426 1926 482 (in
1951 437 2177 479 quorum
2198 438 2421 469 numero

230 509 443 549 Terram
465 502 712 557 habebat)
732 502 886 554 plane
907 499 1096 541 eodem
1119 498 1281 540 modo
1302 497 1506 539 moveri
1527 497 1900 548 invenirentur,
1929 500 1980 538 et
2000 508 2125 539 cum
2147 508 2286 539 anno
2311 497 2423 539 1600

232 577 367 630 apud
393 575 431 615 T
434 574 699 627 ychonem
725 572 1037 619 moraretur,
1065 569 1209 610 illam
1236 579 1350 609 rem
1378 568 1499 609 inde
1529 567 1669 610 effici
1697 568 1962 618 intellexit,
1995 568 2137 620 quod
2164 568 2296 610 Solis
2321 568 2423 624 (vel

228 644 419 700 Terrae)
440 646 613 685 motus
634 653 739 684 non
759 644 815 683 ut
836 652 863 682 e
885 643 1066 682 centro
1090 639 1292 688 orbitae,
1318 639 1411 680 sed
1431 641 1488 680 ut
1509 650 1574 680 ex
1595 639 1696 681 alio
1719 639 1954 692 quodam
1974 641 2171 692 puncto
2192 638 2424 692 aequanti

230 717 541 768 conspectus
562 711 835 765 aequabilis
851 714 987 753 esset
1007 736 1057 740 ——
1073 710 1208 752 sicut
1222 710 1472 751 volebant
1485 709 1706 752 theoriae
1721 711 2056 763 planetarum
2070 709 2421 751 Ptolemaicae.

231 787 345 829 Hoc
364 783 588 826 TYCHO
605 784 718 837 jam
738 782 958 836 pridem,
981 781 1077 823 etsi
1097 791 1203 822 non
1223 780 1377 822 nimis
1399 781 1556 831 clare,
1578 780 1891 822 intellexisse
1911 780 2132 831 videtur,
2156 780 2221 822 de
2243 792 2347 833 qua
2366 791 2424 822 re

231 854 561 899 KEPLERUS
584 864 764 895 mense
775 852 909 903 Julio
932 852 1053 893 anni
1077 851 1188 893 1600
1205 852 1272 893 ad
1289 851 1725 893 HERWARTUM
1748 850 1822 893 sic
1844 850 2071 904 scripsit:
2099 852 2184 892 »Et
2203 851 2306 893 hoc
2329 854 2422 902 est,

230 928 369 981 quod
394 927 432 967 T
434 925 574 978 ycho
603 923 752 977 quasi
778 923 874 965 sub
903 922 1197 976 aenigmatis
1224 921 1498 964 involucro
1529 922 1604 977 (ut
1628 921 1892 963 interdum
1919 922 2069 977 solet)
2100 922 2168 964 ad
2198 933 2284 964 me
2314 934 2425 976 per-

229 998 509 1051 scripserat
535 996 599 1037 de
626 994 865 1036 variabili
892 993 1181 1047 quantitate
1209 992 1351 1035 orbis
1379 992 1604 1034 annui.«¹
1639 993 1821 1046 Itaque
1848 1004 2100 1035 numerus
2127 992 2425 1035 eccentrici-

228 1069 347 1111 tatis
368 1067 499 1109 Solis
519 1066 571 1107 in
592 1062 1101 1118 Progymnasmatis
1121 1063 1337 1117 positus,
1360 1063 1510 1113 0.03584‚
1541 1064 1705 1106 altero
1731 1066 1880 1106 tanto
1909 1064 2080 1118 major
2103 1067 2231 1114 erat,
2261 1075 2424 1116 quam

229 1150 343 1181 esse
364 1137 555 1188 debuit,
583 1136 634 1178 id
656 1136 796 1189 quod
816 1135 978 1189 ipsius
999 1133 1551 1192 Solissobservationes
1572 1146 1865 1187 numquam
1887 1135 2252 1177 demonstrare
2278 1138 2425 1188 potu-

228 1213 391 1252 erunt.
424 1208 524 1250 Sed
551 1219 675 1249 cum
702 1206 816 1249 libri
843 1206 1230 1248 absolutionem
1258 1208 1308 1247 et
1335 1205 1618 1247 editionem
1648 1206 1785 1247 ultra
1815 1205 2014 1247 differri
2039 1205 2221 1259 Tycho
2248 1206 2422 1256 nollet,

227 1281 379 1335 hujus
400 1278 740 1321 correctionis
761 1277 830 1319 ibi
851 1276 1048 1319 mentio
1069 1276 1212 1318 facta
1233 1288 1339 1318 non
1360 1279 1453 1326 est,
1483 1279 1641 1329 atque
1661 1275 1713 1317 in
1735 1276 2026 1330 appendice
2047 1277 2236 1326 solum,
2264 1288 2425 1330 quam

226 1351 264 1392 T
266 1351 475 1405 ychone
496 1352 706 1391 mortuo
730 1349 983 1402 Keplerus
1005 1347 1210 1402 adjecit,
1234 1350 1705 1390 commemoratur.

284 1422 322 1463 T
325 1421 465 1475 ycho
494 1423 733 1462 mortuus
755 1423 831 1462 est
853 1420 935 1461 die
955 1418 1012 1460 24
1033 1418 1227 1461 mensis
1249 1418 1494 1461 Octobris
1517 1419 1639 1461 anni
1663 1417 1790 1468 1601,
1813 1418 1856 1460 si
1883 1418 2245 1460 calendarium
2266 1418 2426 1461 refor-

228 1496 431 1535 matum
459 1491 742 1545 sequimur.
772 1490 950 1532 Petivit
977 1502 1008 1531 a
1036 1490 1279 1543 Keplero‚
1305 1489 1392 1542 qui
1419 1489 1465 1531 ei
1491 1489 1736 1531 morienti
1763 1489 1987 1539 astabat,
2016 1492 2073 1530 ut
2098 1488 2427 1532 instauratio-

229 1576 365 1614 nem,
398 1575 558 1616 quam
591 1565 767 1604 mente
800 1561 1143 1614 concepisset,
1176 1561 1518 1602 astronomiae
1552 1560 1756 1603 ratione
1786 1560 1993 1602 nitentis
2022 1560 2316 1602 secundum
2345 1571 2426 1613 sy-

228 1638 398 1677 stema
417 1633 779 1686 Tychonicum
807 1635 1196 1685 exsequeretur,
1219 1643 1325 1674 non
1352 1631 1647 1673 secundum
1669 1631 2107 1684 Copernicanum,
2132 1631 2216 1673 cui
2243 1631 2426 1673 arden·-

228 1709 307 1748 ter
336 1705 550 1747 favebat
580 1704 850 1757 Keplerus.
876 1702 974 1745 Hic
1007 1706 1201 1753 autem,
1225 1715 1553 1755 quamquam
1584 1702 1757 1744 studia
1787 1702 1897 1757 ejus
1927 1705 2163 1755 systema
2185 1702 2427 1755 Coperni-

230 1788 425 1819 canum
447 1775 643 1829 optime
664 1773 1015 1825 confirmavit,
1032 1785 1298 1827 supremae
1319 1773 1604 1827 rogationis
1626 1773 1802 1827 magni
1822 1773 1955 1815 illius
1971 1772 2264 1815 astronomi
2279 1785 2427 1814 num-

231 1859 391 1900 quam
419 1849 496 1888 est
524 1845 729 1895 oblitus,
759 1845 906 1899 cujus
927 1844 1256 1898 providentia
1278 1844 1574 1897 comparati
1595 1847 1744 1886 erant
1765 1843 2172 1886 inexhauribiles
2191 1843 2427 1886 thesauri

232 1917 661 1959 observationum
695 1916 1043 1969 planetarum,
1077 1927 1196 1968 quae
1226 1915 1275 1956 in
1307 1914 1568 1964 omnibus,
1601 1927 1721 1967 quae
1755 1914 1973 1969 cogitari
2005 1918 2264 1968 poterant,
2296 1914 2425 1957 locis

232 1987 523 2030 orbitarum
551 1998 736 2029 eorum
764 1986 1013 2028 institutae
1040 1989 1203 2028 erant.
1236 1985 1432 2027 Notum
1461 1989 1553 2036 est,
1581 1998 1742 2039 quam
1772 1987 2032 2039 praeclare
2058 1986 2138 2028 his
2163 1986 2426 2028 thesauris

234 2059 486 2111 Keplerus
507 2069 632 2099 usus
647 2058 725 2107 sit,
743 2068 838 2099 nec
847 2057 1111 2110 Tychonis
1126 2057 1367 2098 laudibus
1384 2057 1761 2108 obtrectamus,
1779 2057 1821 2099 si
1836 2057 1975 2099 hunc
1991 2059 2198 2098 tantum
2213 2056 2426 2099 efficere

232 2129 319 2171 vix
344 2128 575 2182 potuisse
602 2128 983 2170 contendimus.
1010 2128 1190 2181 Neque
1216 2130 1396 2169 tamen
1418 2128 1673 2181 Keplerus
1693 2141 1951 2183 umquam
1973 2128 2165 2171 oblitus
2186 2131 2278 2179 est,
2305 2140 2425 2181 quae

235 2210 427 2253 magno
448 2210 544 2241 suo
567 2199 889 2240 antecessori
909 2199 1138 2250 deberet,
1157 2199 1304 2253 cujus
1325 2210 1521 2241 nomen
1535 2199 1588 2240 in
1602 2199 1807 2253 scriptis
1822 2200 1929 2241 suis
1943 2199 2137 2252 ubique
2151 2199 2424 2252 praedicat,

234 2270 381 2324 cujus
407 2280 534 2312 vero
562 2270 965 2323 intellegentiam
993 2271 1195 2312 claram
1223 2280 1424 2320 eorum,
1449 2269 1636 2322 quibus
1662 2281 1769 2312 non
1796 2271 1958 2313 modo
1985 2270 2037 2312 in
2065 2270 2250 2312 Martis
2277 2273 2426 2312 motu

234 2340 599 2394 perquirendo,
625 2340 717 2381 sed
738 2340 789 2381 in
811 2340 1054 2382 omnibus
1076 2340 1417 2382 astronomiae
1439 2340 1674 2394 partibus
1696 2352 1828 2395 opus
1850 2345 2001 2391 esset,
2025 2351 2243 2383 omnem
2264 2344 2426 2383 mate-

235 2412 367 2453 riam
399 2411 753 2452 necessariam
785 2411 852 2452 ad
882 2423 1035 2453 usum
1066 2423 1221 2453 suum
1252 2422 1584 2464 praeparasse
1615 2411 1700 2453 ait.
1734 2412 1792 2453 In
1822 2423 1982 2465 opere
2011 2423 2108 2454 suo
2140 2412 2205 2453 de
2236 2411 2422 2462 Marte,

236 2482 376 2534 quod
404 2481 785 2523 astronomiam
811 2482 1192 2535 hypothesibus
1214 2492 1318 2523 non
1340 2481 1590 2524 nitentem
1612 2478 2011 2534 (αἰτιολόγητον),
2041 2495 2202 2535 quam
2230 2482 2426 2524 deside-

235 2555 447 2593 raverat
479 2551 724 2602 RAMUS,
756 2554 954 2594 mundo
988 2552 1242 2606 praestitit,
1274 2552 1363 2594 ubi
1392 2564 1520 2595 vero
1552 2553 1637 2595 hic
1671 2553 1871 2606 primus
1900 2565 2086 2595 veram
2116 2554 2344 2606 planetae
2373 2553 2425 2594 in

235 2622 404 2675 spatio
431 2622 571 2663 inani
599 2623 841 2673 orbitam,
864 2634 970 2665 non
996 2623 1278 2676 imaginem
1299 2624 1471 2665 solam
1493 2624 1602 2677 eJus
1623 2624 1675 2665 in
1696 2624 1813 2666 caeli
1832 2624 2172 2666 firmamento
2194 2623 2426 2677 designa-

234 2696 345 2733 tam
366 2692 575 2742 invenit,
598 2693 859 2735 theoriam
876 2693 1059 2735 Martis
1079 2694 1373 2735 secundum
1392 2694 1492 2735 tria
1507 2698 1814 2747 systemata,
1832 2694 2210 2737 Ptolemaicum
2224 2694 2426 2747 Tycho-

236 2763 412 2804 nicum
435 2763 869 2816 Copernicanum,
892 2764 973 2817 pie
996 2776 1058 2806 ac
1080 2764 1302 2806 fideliter
1323 2764 1719 2806 demonstravit.

235 2835 396 2939 VI
509 2834 767 2876 Persecuti
794 2846 976 2876 sumus
1003 2834 1174 2876 studia
1193 2835 1232 2875 T
1234 2835 1456 2888 ychonis
1485 2836 1844 2878 astronomica
1866 2849 1897 2878 a
1917 2835 2089 2888 prima
2116 2836 2226 2890 ejus
2253 2836 2426 2877 adule-

468 2920 487 2940 ·
510 2905 708 2946 scentia
734 2917 899 2957 usque
927 2906 994 2947 ad
1022 2909 1250 2947 mortem
1277 2909 1677 2958 praematuram,
1707 2919 1826 2960 quae
1854 2917 1992 2950 anno
2020 2906 2191 2948 aetatis
2217 2908 2274 2947 55
2302 2917 2425 2948 eum

238 2974 507 3027 oppressit.
527 2975 757 3017 Breviter
777 2975 937 3017 etiam
957 2976 1357 3029 perstrinximus
1379 2977 1550 3018 studia
1572 2978 1682 3031 ejus
1704 2976 1962 3027 chemica,
1980 2988 2100 3029 quae
2116 2977 2302 3030 exigua
2315 2980 2425 3018 tan-

236 3047 350 3085 tum
377 3056 442 3087 ex
468 3048 617 3097 parte
643 3046 794 3087 nobis
815 3049 941 3087 nota
963 3050 1096 3097 sunt,
1120 3046 1190 3088 ita
1212 3050 1268 3088 ut
1289 3046 1390 3089 hoc
1413 3048 1586 3089 solum
1608 3047 1727 3089 inde
1748 3047 1973 3100 perspici
1993 3047 2172 3100 possit,
2195 3047 2279 3089 hic
2302 3058 2426 3100 quo-

298 3128 307 3151 1
332 3127 551 3161 KEPLERI
576 3127 645 3172 Op.
671 3129 725 3162 111
748 3140 784 3172 p.
805 3130 861 3162 24.
