2678 4069
707 328 1375 380 PROLEGOMENA
1404 330 1805 382 EDITORIS
2198 331 2354 381 XLV

165 471 505 518 averteretur,
529 467 652 509 bina
673 466 885 508 inventa
907 467 1370 521 conjungebantur,
1393 473 1548 522 prout
1559 470 1735 511 Venus
1757 470 1932 512 Solem
1961 470 2026 512 ab
2053 470 2250 512 oriente
2271 471 2353 511 vel

164 540 438 583 occidente
477 537 788 592 aspiciebat,
822 538 1013 579 talibus
1047 538 1260 580 delectis
1295 539 1775 591 observationibus,
1809 541 1918 590 ubi,
1955 544 2209 593 quantum
2243 540 2356 582 fieri

163 613 386 665 poterat,
409 610 635 652 eandem
662 608 990 651 altitudinem
1018 613 1068 650 et
1095 609 1499 651 declinationem
1521 614 1571 653 et
1593 611 1794 652 aTerra
1816 611 2117 653 distantiam
2139 615 2355 664 uterque

163 681 411 724 habebat.
447 680 562 722 Hac
593 679 797 722 ratione
817 679 1056 732 Tychoni
1085 679 1312 733 contigit,
1344 684 1400 721 ut
1431 681 1626 734 optime
1657 694 1769 723 rem
1799 686 2089 735 perageret;
2124 693 2185 723 ea
2217 682 2354 723 enirn

165 752 406 795 ascensio
428 754 590 802 recta,
612 750 694 793 26ο
708 750 759 793 0¹
774 750 883 800 30‘¹‚
908 762 1070 803 quam
1092 751 1299 792 stellam
1322 764 1352 792 α
1374 752 1560 794 Arietis
1582 753 1721 794 exitu
1744 753 1864 794 anni
1890 753 1999 795 1585
2021 753 2266 795 habuisse
2289 753 2355 794 ad

165 828 464 867 extremum
494 822 765 864 inventum
796 825 889 871 est,
912 821 1037 863 solis
1063 821 1150 862 15⁴⁴
1173 821 1345 863 minor
1375 826 1452 864 est
1482 834 1558 873 ea,
1589 835 1750 875 quam
1780 835 1843 864 ex
1876 824 2182 866 ascensione
2213 827 2356 865 recta

165 895 287 937 anni
307 895 418 936 1755
434 907 465 936 a
481 891 814 936 BRADLEIO
830 891 1076 941 indicata,
1094 892 1296 934 ratione
1312 892 1492 934 habita
1515 896 1689 935 motus
1711 895 1905 947 proprii
1922 894 1985 936 ab
2003 895 2355 936 AUWERSIO

164 966 372 1020 reperti,
395 965 482 1007 illo
503 968 744 1018 tempore
766 975 888 1006 eam
909 962 1158 1004 habuisse
1179 963 1451 1016 supputari
1472 967 1656 1016 potest.

224 1037 425 1079 Deinde
456 1035 574 1078 aliae
606 1038 728 1078 octo
758 1035 924 1077 stellae
954 1033 1285 1087 principales,
1315 1034 1365 1075 in
1394 1046 1490 1076 sua
1521 1046 1743 1087 quaeque
1772 1036 1887 1077 caeli
1917 1039 2080 1088 parte,
2111 1039 2357 1077 accurate

166 1107 397 1150 definitae
419 1110 554 1157 sunt,
577 1118 702 1149 cum
723 1105 1102 1148 declinationes
1124 1108 1174 1146 et
1195 1104 1457 1147 distantiae
1481 1105 1610 1147 alius
1632 1105 1697 1147 ab
1722 1106 1822 1147 alia
1844 1109 1987 1147 recta
2010 1106 2093 1147 via
2116 1106 2359 1147 observa-

165 1182 359 1229 rentur,
393 1178 582 1231 quibus
612 1177 765 1220 factis
794 1176 1113 1230 triangulum
1143 1175 1481 1229 sphaericum,
1506 1177 1646 1228 quod
1677 1176 1939 1218 faciebant
1966 1178 2115 1229 polus
2138 1187 2199 1218 ac
2222 1176 2357 1218 binae

165 1251 347 1301 stellae,
372 1250 621 1303 angulum
650 1249 892 1302 polarem
925 1247 1035 1289 sive
1066 1246 1420 1288 differentiam
1451 1247 1819 1289 ascensionum
1851 1250 2115 1288 rectarum
2146 1246 2356 1288 dabant.

167 1321 272 1363 Etsi
304 1332 554 1363 numeros
587 1331 694 1363 non
726 1322 838 1361 tam
873 1321 1154 1361 accuratos
1180 1317 1361 1370 Tycho
1397 1319 1616 1371 adeptus
1647 1322 1724 1360 est
1753 1330 1913 1371 quarn
1943 1318 2038 1360 sibi
2068 1318 2358 1368 videbatur,

168 1392 289 1446 quia
322 1403 385 1435 eo
417 1392 468 1434 in
498 1402 735 1434 errorem
765 1391 955 1433 ductus
985 1392 1078 1440 est,
1112 1389 1253 1442 quod
1283 1400 1495 1430 summa
1517 1389 1724 1431 illarum
1746 1389 2159 1431 differentiarum
2181 1388 2360 1442 paucis

166 1467 375 1506 tantum
401 1462 638 1517 partibus
659 1461 904 1505 secundis
926 1474 957 1503 a
977 1460 1088 1503 360ο
1109 1460 1403 1511 differebat,
1427 1461 1592 1502 multo
1619 1464 1799 1502 tamen
1821 1460 2175 1502 accuratiores
2197 1464 2359 1508 erant,

169 1547 332 1588 quam
352 1534 555 1588 priores
577 1533 872 1576 astronomi
892 1532 1068 1586 adepti
1089 1535 1253 1574 erant,
1273 1531 1389 1573 Hoc
1413 1531 1625 1584 quidem
1647 1534 1865 1585 apparet
1885 1543 1949 1573 ex
1966 1530 2361 1583 comparatione

168 1607 413 1648 locorum
443 1606 653 1647 illarum
682 1616 878 1648 novem
908 1604 1196 1654 stellarum,
1222 1615 1342 1656 quae
1372 1602 1513 1645 exitu
1541 1603 1662 1644 anni
1692 1601 1802 1643 1585
1830 1601 2057 1643 definitae
2085 1603 2217 1650 sunt,
2241 1611 2362 1642 curn

170 1677 403 1719 numeris
437 1676 659 1719 Bradleii
686 1680 843 1729 atque
863 1674 1139 1725 Auwersii,
1163 1685 1400 1716 errorem
1420 1673 1532 1715 veri
1558 1673 1784 1715 similem
1814 1672 2181 1714 ascensionum
2202 1674 2364 1713 recta-

170 1760 290 1790 rum
310 1750 518 1790 tantum
539 1747 701 1790 fuisse
720 1748 756 1791 ss
775 1747 878 1792 24⁴<
892 1767 919 1798 1,
947 1746 1359 1789 declinationum
1383 1755 1512 1786 vero
1532 1745 1567 1787 ὲ
1586 1744 1730 1795 25“.9‚
1752 1743 1953 1786 ratione
1975 1743 2153 1785 habita
2175 1742 2363 1783 mediae

170 1819 519 1862 refractionis.

231 1891 501 1942 Quantum
528 1893 807 1944 praestaret
825 1888 1092 1943 Tychonis
1114 1888 1248 1931 ratio
1271 1899 1464 1930 causas
1485 1899 1727 1930 errorum
1747 1886 1976 1936 tollendi,
2001 1884 2255 1938 apparuit,
2278 1883 2366 1925 ubi

170 1962 403 2016 primum
437 1961 677 2004 Cassellis
708 1961 761 2003 in
795 1960 1162 2003 observatorio
1197 1959 1514 2013 Landgravii
1549 1958 1883 2001 ascensiones
1917 1960 2076 1998 rectae
2111 1955 2365 1997 absolutae

172 2033 377 2076 definiri
398 2036 590 2087 coeptae
612 2035 746 2075 sunt.
766 2032 865 2075 Hic
887 2031 1031 2074 initio
1052 2042 1149 2085 pro
1162 2031 1367 2073 Venere
1384 2030 1584 2084 Jupiter
1605 2028 1969 2078 adhibebatur,
1988 2026 2211 2080 quicum
2227 2025 2368 2067 cerni

173 2116 280 2147 non
298 2104 478 2158 possit,
503 2103 757 2157 quamdiu
778 2103 866 2146 Sol
887 2115 1047 2157 supra
1067 2102 1403 2145 horizontem
1424 2104 1517 2151 est,
1534 2112 1628 2155 per
1647 2099 1849 2153 longius
1869 2098 2121 2152 temporis
2142 2096 2367 2150 spatium

173 2175 458 2229 horologiis
489 2175 868 2218 confidendum
898 2177 1032 2224 erat;
1066 2174 1208 2227 quod
1234 2173 1319 2215 hic
1346 2176 1527 2214 tamen
1553 2171 1757 2213 minore
1777 2170 2010 2224 periculo
2031 2168 2144 2210 fieri
2165 2169 2369 2221 poterat

175 2259 337 2300 quam
376 2247 517 2301 apud
548 2246 875 2300 Tychonem‚
910 2248 1194 2299 postquam
1229 2245 1297 2286 ad
1328 2243 1602 2297 horologia
1642 2241 1952 2295 corrigenda
1990 2237 2369 2294 perpendiculis

176 2317 506 2362 oscillatoriis
532 2317 608 2360 uti
634 2320 871 2370 coeperat
898 2316 1246 2359 BUERGIUS.
1269 2316 1422 2357 Anno
1449 2325 1577 2356 vero
1604 2313 1714 2355 1587
1735 2312 1952 2355 Veneris
1978 2322 2103 2353 usus
2131 2311 2370 2362 receptus

175 2392 268 2441 est,
303 2392 354 2432 et
386 2388 682 2432 observatis
715 2387 985 2430 altitudine
1019 2391 1069 2430 et
1103 2386 1374 2429 azimutho
1408 2385 1675 2439 longitudo
1709 2384 1990 2426 Aldeborae
2027 2380 2239 2424 definita
2278 2382 2368 2421 est.

177 2460 550 2515 Longitudines
572 2460 639 2502 ad
661 2471 862 2501 annum
881 2458 992 2501 1586
1013 2458 1443 2501 accommodatae
1465 2457 1598 2498 bene
1618 2456 1721 2497 illae
1742 2454 1954 2508 quidem
1975 2450 2371 2496 concordabant

176 2532 310 2574 inter
329 2543 401 2582 se,
417 2532 511 2574 sed
532 2532 649 2585 plus
663 2530 690 2572 6
704 2532 715 2549 ’
731 2531 834 2585 maj
842 2541 961 2572 ores
983 2533 1133 2572 erant
1153 2529 1229 2577 iis,
1248 2540 1379 2582 quas
1394 2528 1667 2569 invenerat
1680 2525 1876 2579 Tycho.
1896 2525 2012 2567 Hoc
2028 2523 2170 2565 nihili
2185 2521 2374 2563 facien-

177 2604 306 2645 dum
333 2613 449 2645 esse
470 2601 833 2656 Landgravius
861 2600 1212 2652 existimabat,
1236 2599 1488 2653 quoniam
1516 2598 1690 2640 adhuc
1718 2607 1875 2639 nemo
1903 2607 1967 2638 ne
1992 2598 2105 2636 tam
2127 2594 2373 2635 accurate

178 2674 391 2728 quidem
423 2673 769 2727 longitudines
803 2672 1021 2715 definire
1055 2671 1325 2725 potuisset.
1362 2670 1532 2712 Causa
1566 2672 1693 2719 erat,
1729 2667 1870 2721 quod
1896 2667 2007 2721 jam
2042 2662 2372 2706 KEPLERUS

177 2745 473 2799 suspicatus
495 2746 613 2795 est¹‚
635 2743 922 2798 parallaxis
949 2742 1082 2785 Solis
1108 2742 1135 2784 3
1149 2744 1159 2761 ⁴
1180 2742 1315 2784 falso
1337 2741 1617 2789 aestimata,
1642 2751 1760 2792 quae
1783 2735 2236 2780 observationibus
2258 2734 2374 2775 Cas-

177 2816 316 2859 sellis
344 2816 497 2858 factis
517 2814 776 2869 imprimis
806 2813 1050 2864 nocebat,
1083 2825 1203 2867 quae
1235 2823 1420 2855 omnes
1450 2811 1640 2861 hieme,
1664 2821 1788 2852 cum
1809 2812 1859 2851 et
1879 2808 1965 2850 Sol
1987 2810 2037 2849 et
2057 2806 2232 2848 Venus
2261 2816 2374 2858 par-

178 2899 306 2929 vam
333 2886 661 2929 altitudinem
688 2885 973 2935 habebant,
996 2884 1246 2926 institutae
1267 2894 1364 2926 nec
1387 2894 1510 2925 curn
1533 2881 1644 2923 aliis
1666 2880 1962 2934 conjunctae
1985 2880 2147 2926 erant,
2172 2875 2371 2928 quibus,

178 2961 236 3000 ut
257 2958 462 3000 Hvenae
483 2957 685 2999 factum
707 2959 835 3007 erat,
859 2967 1082 3005 errores,
1106 2957 1364 3008 quantum
1384 2953 1498 2995 fieri
1517 2955 1710 3006 posset,
1728 2951 2102 2992 averterentur.
2128 2946 2243 2988 Hoc
2265 2956 2375 2998 per-

179 3032 339 3083 petuo
369 3028 420 3070 6‘
441 3039 621 3071 errore
647 3030 832 3081 postea
858 3026 1060 3069 factum
1087 3029 1180 3076 est,
1203 3028 1260 3068 ut
1286 3025 1557 3078 catalogus
1578 3021 1817 3064 Cassellis
1845 3021 2080 3072 inceptus
2100 3017 2205 3072 (qui
2231 3026 2375 3057 nurn-

182 3111 345 3152 quam
366 3098 639 3141 absolutus
661 3098 756 3154 est)
777 3098 845 3140 ad
867 3109 1065 3139 annum
1085 3096 1212 3148 1593,
1229 3107 1460 3149 quocum
1482 3093 1826 3147 longitudines
1845 3090 2150 3143 congruunt,
2169 3096 2375 3129 accom-

182 3169 430 3212 modatus
451 3180 566 3211 esse
587 3168 720 3212 falso
742 3171 1030 3222 putaretur.

243 3240 337 3282 His
367 3251 563 3282 novem
592 3239 753 3281 stellis
782 3238 1158 3292 principalibus
1188 3241 1238 3280 et
1268 3235 1549 3279 duodecim
1578 3233 1705 3283 aliis,
1734 3244 1854 3285 quae
1880 3241 2043 3284 prope
2070 3226 2374 3281 Eclipticam

243 3336 254 3359 1
278 3335 493 3375 KEPLER,
520 3335 772 3379 Ephemetis
798 3335 852 3369 ad
876 3344 1033 3368 annum
1067 3334 1168 3367 1617
1195 3332 1284 3377 (Op.
1301 3332 1374 3366 VII
1403 3343 1439 3375 p.
1456 3331 1558 3372 494):
1591 3330 1792 3363 »Necesse
1820 3329 1878 3361 est
1905 3324 2003 3359 hinc
2031 3323 2125 3358 oriri
2152 3320 2372 3365 congloba-

181 3393 339 3429 tionem
361 3393 558 3438 aliquam,
580 3396 624 3427 ut
644 3392 688 3427 in
709 3392 923 3428 montibus
946 3391 1141 3427 nivium.«
